2491 3724
552 212 880 257 REGINONIS
913 212 1278 257 CHRONICON.
1338 212 1391 257 A.
1416 214 1509 256 874.
1884 214 1964 256 109

97 338 401 407 professusa
439 343 599 401 esset,
646 338 921 405 respondit
960 356 1014 390 se
1052 338 1214 390 taliab
1254 337 1450 389 dixisse
1489 342 1541 389 et
1578 337 1740 388 haecb
1779 337 1964 388 eadem

100 410 260 462 factis
312 408 442 461 velle
491 408 771 476 probare03
821 410 1169 475 protinusque
1215 408 1486 460 licentiam
1535 407 1608 460 ibi
1656 407 1968 458 remanendi

98 479 280 547 petitd.
371 479 502 531 Cum
555 496 587 530 a
634 480 874 546 principe
923 479 1315 545 obiurgaretur,
1373 496 1466 529 cur
1516 482 1627 529 tam
1676 477 1826 528 fatua
1877 476 1968 528 ob-

99 550 385 602 stinatione
432 549 674 601 detentus
711 566 806 617 pro
846 549 1019 600 verbis
1063 549 1294 600 inaniter
1338 549 1426 599 inb
1462 548 1708 599 ventumb
1744 547 1968 614 prolatis

100 620 284 672 vellete
337 621 474 671 mori
527 636 754 686 suosque
809 620 970 670 morti
1020 618 1259 681 tradere,
1320 617 1626 669 nullatenus
1679 617 1967 684 adquievit,

97 707 357 753 asserenS,
388 690 492 741 nisi
521 688 798 741 manendif
824 689 1095 740 licentiam
1128 688 1293 750 daret,
1323 705 1664 755 nequaquam
1686 687 1765 738 1111
1789 687 1963 739 fidelis

96 762 151 812 in
198 760 462 828 reliquum
511 760 694 812 foretg.
779 757 885 810 Sed
934 776 1053 810 cum
1105 757 1354 809 Salomon
1398 757 1805 810 inrevocabilem
1852 758 1966 809 eius

98 831 332 882 animum
378 830 761 896 perspexisset,
812 829 941 880 dare
987 829 1037 881 ei
1082 829 1330 880 solatium
1378 846 1440 880 ex
1487 829 1597 880 suis
1644 828 1966 880 satellitibus

96 902 289 965 voluit;
337 899 511 967 quodh
549 899 785 951 rennuiti
831 899 1122 965 suscipere,
1169 898 1501 962 affirmansk,
1550 899 1592 950 si
1632 899 1765 951 alios
1805 916 1965 966 quam

98 988 222 1023 suos
254 987 432 1022 secum
465 969 698 1034 haberet,
733 970 840 1020 iam
871 987 977 1021 non
1009 974 1190 1021 essent
1222 987 1364 1033 vera,
1404 971 1562 1036 quael
1593 969 1964 1036 spoponderat.

97 1042 209 1093 Rex
253 1058 373 1093 cum
419 1040 665 1092 omnibus
711 1040 878 1107 copiis
923 1041 978 1091 111
1016 1057 1239 1107 regnum
1274 1041 1493 1092 recessit
1539 1044 1620 1092 eta
1656 1040 1965 1092 Vurfandus

97 1113 151 1163 in
190 1111 374 1164 eodem
411 1111 527 1163 1060
567 1128 686 1163 611111
724 1111 967 1163 ducentis
1005 1110 1116 1162 fere
1152 1112 1280 1163 viris
1310 1111 1568 1162 remansit
1604 1110 1783 1177 ibique
1815 1111 1966 1178 quin-

98 1199 199 1250 que
252 1181 438 1233 diebus
493 1182 804 1248 expectavit.
897 1181 1102 1233 Sextam
1153 1186 1308 1233 nocte
1357 1181 1653 1247 Hastingus
1701 1181 1966 1249 quendam

98 1253 363 1320 captivum
402 1269 435 1304 a
471 1252 695 1304 vinculis
733 1252 995 1304 absolvitn
1032 1256 1085 1303 et
1123 1269 1242 1304 eum
1281 1251 1350 1303 ad
1385 1251 1716 1303 Vurfandum
1756 1251 1966 1314 direxit,

97 1323 372 1386 mandanS,
411 1327 472 1374 ut
510 1323 613 1374 sibi
651 1322 720 1375 ad
756 1322 951 1374 vadum
990 1323 1266 1374 cuiusdam
1296 1323 1551 1374 torrentis
1583 1323 1722 1374 inter
1751 1323 1967 1373 tertiam

95 1399 146 1446 et
171 1392 488 1446 36611111161111Ο
512 1394 929 1461 supervenientis
963 1392 1070 1444 diei
1100 1393 1288 1444 horam
1323 1397 1643 1456 occurreret,
1677 1398 1737 1443 ut
1767 1392 1967 1444 mutuis

98 1464 378 1531 colloquiis
427 1463 747 1518 fruerentur.
843 1463 944 1525 Qui
992 1463 1127 1516 nihil
1177 1468 1455 1515 cunctatus
1504 1480 1654 1515 arma
1704 1463 1968 1528 corripere

99 1535 256 1586 sociis
294 1535 524 1600 imperat
569 1538 622 1587 et
660 1533 730 1586 ad.
769 1533 1074 1585 condictum
1119 1534 1298 1586 locum
1336 1534 1538 1601 absque
1583 1550 1734 1584 mora
1770 1533 1966 1600 pergit;

98 1605 564 1673 prospiciensquep
613 1604 806 1658 vadum
858 1604 1115 1656 torrentis
1167 1605 1306 1656 inter
1355 1621 1480 1656 suos
1531 1609 1582 1656 et
1630 1603 1968 1656 adversarios

100 1676 254 1743 quasi
308 1675 528 1727 limitem
581 1675 708 1739 fore,
763 1674 910 1727 nullo
964 1675 1117 1727 modo
1167 1675 1243 1726 ibi
1297 1675 1588 1727 consistere
1642 1674 1820 1737 voluit,
1878 1673 1969 1726 sed

99 1746 478 1798 transvadatoq
517 1747 722 1813 gurgite
759 1745 899 1797 ultro
946 1746 1156 1797 obviam
1194 1745 1438 1797 hostibus
1476 1745 1735 1813 procedit.
1813 1744 1969 1795 Nort-

101 1817 283 1868 manni
321 1816 648 1869 admirantes
687 1817 1082 1868 animositatem
1121 1820 1282 1882 atque
1319 1816 1625 1867 audatiamr
1661 1816 1761 1866 viri
1809 1813 1875 1865 ab
1909 1832 1968 1866 eo

102 1887 435 1939 declinarunt
472 1904 568 1939 nec
601 1905 722 1938 eum
752 1887 892 1938 bello
926 1887 1218 1938 lacessereS
1251 1887 1370 1938 ausi
1403 1892 1540 1939 sunt.
1615 1886 1738 1937 Illet
1767 1895 1968 1951 usqueu

102 1961 306 2009 sextam
343 1957 565 2009 horamV
595 1957 895 2023 intrepidus
927 1962 1226 2024 expectanS,
1266 1973 1388 2008 cum
1419 1957 1681 2008 neminem
1715 1955 1968 2007 adversae

99 2029 271 2096 partis
309 2028 487 2080 venire
526 2033 778 2090 cerneret,
820 2045 938 2079 cum
977 2029 1087 2079 suis
1126 2028 1196 2079 ad
1232 2027 1448 2095 propria
1485 2044 1727 2079 reversus
1767 2032 1859 2080 est.

243 2110 352 2163 Nec
376 2111 456 2162 illi
480 2112 688 2164 animus
713 2112 887 2164 minus
918 2112 973 2163 in
997 2116 1222 2163 mortem
1246 2112 1473 2163 invictus
1499 2127 1658 2177 quam
1684 2111 1738 2160 in
1762 2109 1968 2161 hostem

99 2181 218 2234 fuit.
257 2182 499 2249 Denique
521 2187 642 2248 post
663 2187 937 2250 peractam
960 2183 1237 2234 victoriam
1263 2182 1445 2233 morbo
1471 2185 1763 2248 gravatusW
1788 2180 1856 2231 ad
1883 2197 1967 2231 ex-

100 2257 328 2304 tremum
353 2252 683 2317 deducitur&
719 2253 869 2304 cuius
893 2253 1296 2304 invalitudinem
1329 2270 1447 2304 cum
1472 2251 1822 2318 persensisset
1846 2251 1970 2301 Pas-

101 2323 354 2388 quitanus
364 2332 402 2386 Υ,
418 2323 708 2389 resumptis
723 2323 926 2375 viribus
950 2322 1190 2376 fautores
1210 2323 1353 2374 eiusz
1375 2322 1513 2374 bello
1534 2321 1750 2388 adgredi
1767 2326 1966 2388 parata.

103 2392 204 2454 Qui
240 2393 433 2444 timore
471 2393 775 2459 perterritib
814 2394 882 2445 ad
920 2394 1107 2446 ducem
1147 2393 1457 2461 confugiunt
1493 2398 1545 2444 et
1583 2410 1702 2444 cum
1731 2392 1973 2443 lacrimis

103 2463 152 2513 ei
199 2463 371 2514 minas
419 2464 767 2531 Pasquitaniy
815 2465 1083 2530 aperiunt,
1133 2469 1375 2531 petentes
1425 2468 1610 2515 contra
1662 2462 1969 2513 11111111116113(ἶ

103 2531 401 2598 periculum
446 2534 743 2587 consilium.
826 2535 894 2586 At
930 2535 1020 2587 ille
1058 2535 1325 2597 hortatur,
1375 2540 1436 2586 ut
1473 2533 1729 2585 adversus
1767 2532 1970 2585 hostem

103 2600 390 2653 audacterd
440 2603 731 2669 procedant
783 2621 937 2656 suum
988 2605 1240 2658 vexillum
1291 2605 1524 2656 ferentes
1583 2604 1969 2671 polliceturque

100 2671 391 2725 victoriam.
473 2673 575 2735 Qui
620 2691 739 2725 cum
783 2675 1200 2742 respondissent,
1251 2676 1365 2727 sine
1405 2675 1518 2726 eius
1556 2674 1828 2741 presentia
1866 2690 1968 2724 non

106 2740 302 2793 audere
355 2759 473 2794 cum
527 2743 847 2796 adversariis
900 2745 1171 2813 congredi,
1226 2746 1491 2812 spiritum,
1547 2745 1639 2811 qui
1690 2761 1798 2795 una
1852 2760 1966 2795 cum

103 2811 306 2863 viribus
359 2814 598 2879 corporis
649 2814 756 2865 iam
808 2832 943 2880 pene
996 2815 1274 2882 effugerat,
1336 2832 1632 2878 resumenS,
1696 2815 1822 2881 quia
1874 2831 1969 2865 nec

103 2881 331 2949 pedibus
377 2893 580 2950 nequee
629 2900 763 2950 equo
808 2890 1020 2951 poterat
1063 2887 1164 2949 ire,
1213 2885 1362 2937 iubet
1399 2903 1455 2937 se
1492 2886 1548 2936 in
1592 2886 1726 2936 lecto
1763 2884 1969 2951 portari

103 2956 156 3002 et
200 2958 324 3004 ante
371 2954 539 3005 aciem
585 2953 922 3006 inimicorum
968 2957 1158 3022 exponi
1205 2962 1258 3008 et
1303 2956 1377 3006 sic
1421 2955 1630 3007 subires
1681 2963 1967 3006 certamen.

106 3021 255 3084 Quod
304 3040 422 3074 cum
469 3023 728 3076 satellites
775 3024 1074 3089 fecissentg,
1122 3042 1244 3077 mox
1287 3025 1469 3077 hostes
1515 3026 1569 3076 in
1617 3025 1796 3091 fugam
1833 3026 1971 3076 versi

105 3096 240 3144 sunt.
300 3093 524 3147 Patrata
555 3094 776 3147 victoria
801 3113 919 3148 cum
944 3113 1063 3148 eum
1086 3101 1364 3163 reportare
1389 3096 1583 3148 vellent
1612 3095 1712 3147 adh
1736 3095 1970 3158 domum,

104 3229 140 3270 a)
171 3232 338 3270 profusus
363 3234 394 3266 A
410 3236 441 3266 1.
552 3233 590 3275 b)
624 3234 715 3266 deest
736 3236 767 3268 A
782 3238 814 3268 3.
926 3236 960 3276 c)
991 3237 1110 3268 facere
1132 3237 1228 3268 velle
1254 3237 1286 3268 Β
1301 3235 1333 3267 2.
1447 3236 1481 3277 d)
1513 3237 1607 3275 perit
1628 3236 1659 3268 A
1677 3238 1711 3275 1;
1742 3238 1866 3275 petere
1889 3235 1919 3266 A
1935 3235 1967 3265 3.

107 3272 141 3313 e)
171 3275 267 3305 velle
289 3277 334 3307 Β.
444 3276 477 3317 f)
503 3277 667 3308 remandi
688 3278 720 3308 Β
736 3279 767 3310 2.
878 3282 914 3319 g)
945 3280 1035 3311 deest
1058 3280 1089 3310 Β
1106 3282 1135 3310 1.
1246 3280 1286 3320 11)
1316 3280 1378 3318 qui
1402 3278 1432 3309 A
1449 3280 1480 3310 3.
1591 3278 1617 3318 i)
1646 3280 1767 3310 renuit
1789 3278 1862 3309 A3.
1889 3279 1921 3308 Β
1937 3279 1969 3308 2.

104 3313 145 3364 k)
178 3315 372 3349 adfirmans
394 3318 426 3349 A
442 3321 472 3350 1.
498 3320 530 3349 B
544 3320 577 3350 3.
695 3321 723 3359 l)
759 3323 856 3352 esset
877 3330 1006 3353 verum
1029 3322 1123 3361 quod
1145 3321 1176 3352 A
1192 3322 1224 3353 3.
1341 3320 1391 3361 m)
1425 3320 1558 3358 Quinta
1580 3322 1610 3352 A
1626 3322 1657 3352 3.
1776 3321 1814 3359 n)
1848 3321 1924 3351 abs.
1949 3328 1972 3350 a

103 3364 198 3388 vinc.
223 3359 254 3388 B
270 3361 300 3408 2.
410 3361 445 3401 o)
482 3362 628 3392 terciam
653 3363 920 3403 secundamque
943 3365 975 3395 B
990 3365 1023 3395 2.
1131 3363 1168 3404 p)
1207 3364 1360 3403 perspic.
1395 3363 1426 3394 A
1442 3365 1473 3395 3.
1583 3363 1618 3403 q)
1655 3363 1866 3394 transudato
1890 3363 1920 3393 A
1938 3365 1967 3392 1.

103 3397 135 3437 r)
159 3399 344 3431 audacmm
367 3401 411 3433 A.
498 3402 530 3443 s)
551 3403 723 3436 lacessire
746 3406 777 3436 A
796 3408 825 3438 1.
901 3405 929 3445 t)
952 3406 1022 3438 Ille
1046 3409 1166 3437 autem
1187 3407 1220 3437 Β
1235 3407 1267 3436 2.
1347 3404 1387 3446 u)
1409 3413 1522 3445 usque
1546 3406 1583 3435 in
1607 3406 1637 3436 A
1655 3406 1685 3436 3.
1765 3404 1804 3444 v)
1829 3408 1969 3434 sextam

104 3439 149 3470 ad
172 3442 295 3472 horam
317 3444 350 3473 B
365 3444 396 3474 2.
485 3446 530 3485 w)
550 3447 712 3484 gravatis
733 3447 763 3478 A
781 3450 810 3478 1.
907 3447 946 3488 x)
970 3448 1114 3480 ducitur
1136 3448 1167 3479 A
1183 3450 1214 3480 3.
1304 3451 1341 3485 y)
1372 3449 1526 3487 pastiqu.
1551 3448 1581 3478 A
1598 3448 1628 3478 3.
1718 3446 1753 3486 z)
1782 3447 1899 3485 ipsius
1923 3447 1964 3476 A.

105 3481 142 3522 a)
168 3483 374 3522 adgreditur
396 3485 428 3515 B
444 3486 476 3516 2.
535 3486 573 3527 b)
596 3490 685 3526 pert.
710 3490 787 3520 tim.
813 3490 845 3520 Β
860 3491 892 3521 2.
955 3490 988 3531 6)
1010 3491 1232 3522 imminentis
1256 3491 1287 3520 B
1304 3491 1335 3522 3.
1397 3490 1433 3531 d)
1458 3489 1640 3521 audaciter
1662 3488 1693 3519 A
1710 3491 1745 3523 1;
1777 3488 1865 3518 deest
1889 3488 1920 3517 Β
1935 3489 1968 3517 2.

106 3523 141 3564 6)
163 3532 229 3556 nec
251 3525 282 3557 A
297 3527 327 3558 3.
417 3526 447 3567 f)
471 3528 632 3561 subicere
656 3529 686 3561 A
703 3533 738 3570 13
770 3532 884 3563 subiri
905 3531 937 3563 A
952 3533 983 3564 3.
1073 3532 1108 3572 g)
1132 3532 1200 3564 fec.
1227 3532 1305 3564 eius
1329 3532 1361 3562 B
1376 3533 1407 3563 2.
1497 3531 1536 3571 11)
1561 3530 1652 3562 deest
1674 3531 1705 3561 A
1720 3532 1753 3561 3.
1777 3531 1809 3560 Β
1829 3531 1860 3560 2.
