2491 3724
96 313 138 344 G.
160 313 254 351 Dag.
274 312 326 343 15.

199 425 247 456 ib.
275 426 326 456 16.

111 707 150 738 P.
170 706 214 737 D.
236 707 282 747 v,
296 707 327 738 2.

135 1046 182 1077 ib.
210 1045 254 1085 v,
277 1046 329 1076 30.

159 1387 208 1417 ib.
235 1386 276 1426 v,
301 1387 333 1417 6.

156 1500 205 1530 ib.
233 1499 275 1537 V,
302 1500 333 1530 7.

163 1671 210 1701 ib.
238 1670 282 1709 v,
304 1670 335 1701 8.

164 1727 211 1757 ib.
241 1726 281 1766 v,
305 1727 335 1757 9.

138 1784 186 1814 ib.
214 1783 257 1821 v,
284 1784 335 1812 11.

147 2294 192 2325 ib.
221 2292 265 2333 V,
290 2293 341 2322 12.

147 2633 194 2664 ib.
222 2632 267 2672 v,
290 2632 344 2662 13.

353 171 409 214 30
736 164 1066 211 REGINONIS
1098 161 1461 208 CHRONICON.
1522 162 1574 206 A.
1599 163 1852 207 576—604.

497 296 532 339 P
546 308 599 339 er
637 294 722 337 ide
734 308 777 337 111
815 297 1025 346 tempus
1056 289 1343 334 clothariusa
1373 302 1447 332 rex
1478 289 1805 332 Francorum
1841 289 2030 332 moritur
2061 291 2107 331 et
2136 288 2236 331 sub-

351 353 520 396 urbano
557 352 757 394 Parisius
796 351 842 393 in
881 350 908 391 b
921 362 946 391 a
955 348 1080 391 31110
1092 361 1117 390 a
1157 346 1299 389 sancti
1332 345 1558 388 Vincentii
1596 345 1822 398 sepelitur.
1890 346 1930 387 D
1942 359 1967 388 a
1978 359 2006 401 g
2017 359 2039 388 o
2049 345 2076 388 b
2089 359 2110 388 e
2121 348 2208 388 rtu
2218 359 2237 386 s

352 409 630 453 monarchi
643 421 721 451 am
763 410 815 449 to
829 406 939 448 tius
981 403 1202 458 imperii
1243 402 1508 456 optinuit,
1553 404 1774 456 excepto
1815 401 1952 456 quod
1989 402 2121 445 fratri
2160 415 2238 444 suo

352 466 591 510 Heriberto
608 464 622 495 l
654 465 769 507 citra
800 462 998 517 Ligerim
1039 464 1085 503 et
1115 460 1331 509 limitem,
1376 472 1460 514 quo
1491 458 1693 501 tenditur
1729 457 1934 511 partibus
1964 459 2237 508 Wasconiae,

353 537 519 578 pagum
551 521 722 564 scilicet
753 519 1032 568 Tolosanum,
1065 515 1351 560 Caturcinum
1362 515 1398 566 b,
1439 514 1723 569 Aganensem
1734 522 1766 565 0,
1797 513 2163 569 Petrogoricumd
2194 518 2240 558 et

355 579 665 623 Sanctonicum
718 576 789 619 vel
800 609 809 627 ,
865 574 980 631 quod
1034 573 1088 616 ab
1142 573 1212 616 his
1266 586 1416 615 versus
1461 571 1668 615 Pireneos
1680 579 1698 601 e
1750 572 1921 613 montes
1975 571 2238 621 excluditur,

356 651 376 680 0
388 652 411 680 o
421 651 450 678 n
462 650 481 678 c
493 649 513 678 e
525 650 543 677 s
554 635 640 677 sit.

498 689 769 735 Grinialdus
794 702 883 731 rex
898 687 1167 730 Bertarium
1192 686 1362 729 virum
1385 688 1663 739 potentem
1683 683 2047 739 persequitur.
2081 682 2241 734 Quem

355 749 494 792 idem
537 761 625 791 rex
666 747 714 789 in
750 759 830 789 sua
870 744 957 788 fide
999 742 1344 797 suscipiensf,
1391 741 1685 785 adulatorum
1730 742 1782 784 et
1825 739 2092 783 detrahen
2105 740 2241 782 tium

355 805 564 860 linguis
607 803 951 851 stimulatuS,
995 800 1114 844 dolo
1158 799 1402 842 occidere
1445 798 1757 842 meditatur.
1821 796 1920 840 Sed
1965 796 2244 839 industria

355 859 624 905 1-1111101(112
668 857 998 902 fidelissimi
1047 856 1322 900 satellitis
1369 869 1460 909 per
1506 869 1696 898 murum
1743 854 2088 897 Ticinensemg
2132 852 2244 895 fune

357 918 607 972 depositus
646 917 700 958 in
731 915 990 958 Franciam
1030 912 1093 956 ad
1124 913 1309 967 Dagob
1322 913 1528 955 ertumh
1559 912 1731 967 fugiti
1768 912 2070 967 mortisque
2100 910 2243 964 peri-

357 975 531 1018 culum
571 972 761 1015 evasit.

498 1029 533 1072 P
543 1044 564 1073 e
575 1044 596 1072 r
640 1028 694 1072 id
704 1041 725 1071 e
735 1041 779 1070 m
825 1030 845 1070 t
856 1040 877 1069 e
887 1040 930 1069 m
940 1040 1005 1080 pu
1015 1040 1033 1068 s
1080 1024 1330 1068 Theodorus
1378 1025 1734 1078 archiepiscopus
1777 1027 1823 1067 et
1863 1023 2085 1067 Adrianus
2129 1022 2246 1066 abba

357 1087 637 1132 doctissimus
670 1099 695 1128 a
725 1085 805 1127 Vit
816 1097 837 1126 e
846 1084 863 1126 1
872 1083 992 1126 113110
1022 1096 1139 1136 papa
1169 1082 1294 1124 missi
1326 1095 1344 1124 3
1354 1095 1382 1123 11
1391 1096 1419 1124 11
1428 1084 1449 1124 t
1479 1081 1526 1123 in
1550 1081 1856 1123 Brittanniam
1865 1080 1891 1110 k
1919 1081 2137 1134 plurimas
2147 1093 2212 1136 qu
2225 1093 2246 1122 e

358 1144 564 1189 ecclesias
612 1142 681 1185 An
686 1142 862 1196 giorum
905 1139 1131 1182 doctrinae
1179 1152 1204 1181 a
1214 1152 1235 1181 e
1246 1151 1267 1180 c
1278 1151 1297 1180 c
1308 1137 1356 1181 13
1366 1138 1446 1180 313
1456 1152 1474 1180 3
1486 1138 1530 1180 ti
1542 1151 1599 1180 03
1609 1151 1631 1180 e
1673 1137 1802 1193 fruge
1843 1136 2151 1179 fecundarunt.
2210 1136 2247 1178 E

359 1202 517 1258 quibus
545 1198 796 1242 Theodorus
822 1196 1176 1250 archiepiscopus
1200 1195 1481 1249 peccantium
1506 1193 1685 1245 iudicia,
1719 1194 1899 1249 quantis
1924 1193 2096 1236 scilicet
2121 1193 2247 1236 annis

357 1273 436 1313 pro
467 1271 551 1300 uno
584 1269 755 1312 quoque
786 1256 968 1309 peccato
1001 1253 1097 1309 quis
1129 1253 1331 1306 penitere
1364 1251 1538 1303 debeat,
1577 1250 1779 1294 mirabili
1811 1254 1857 1294 et
1887 1249 2079 1293 discreta
2109 1250 2247 1293 consi-

359 1315 586 1359 deratione
619 1311 859 1355 describit.

500 1371 584 1413 His
616 1369 770 1412 diebus
802 1367 1118 1411 Constantinus
1158 1368 1373 1420 augustus
1404 1365 1592 1408 Italiam
1632 1378 1657 1408 a
1687 1362 2081 1419 Langobardorum
2114 1375 2249 1406 manu

360 1443 381 1472 e
391 1429 475 1482 rip
486 1442 506 1471 e
519 1442 540 1469 r
551 1440 572 1470 e
612 1427 790 1480 cupiens
830 1423 1263 1476 Constantinopolim
1304 1435 1505 1478 egressus
1546 1421 1773 1465 Athenasl
1808 1421 1952 1471 venit,
1991 1421 2095 1464 inde
2125 1433 2248 1462 mare

359 1489 664 1539 transgressus
697 1483 940 1525 Tarentum
973 1480 1204 1534 applicuit.
1265 1479 1288 1521 1
1297 1494 1326 1522 11
1337 1479 1364 1521 (1
1375 1493 1396 1522 3
1429 1480 1748 1522 Beneventum
1757 1476 1777 1509 3
1808 1478 1892 1521 int
1901 1492 1922 1520 r
1933 1491 1957 1521 a
1966 1477 2048 1520 vit
2079 1489 2247 1520 omnes·

361 1556 444 1599 que
474 1554 585 1595 pene
618 1540 825 1583 civitates
855 1536 1263 1592 Langobardorum,
1295 1549 1374 1590 per
1405 1549 1513 1591 quas
1545 1538 1742 1585 venerat,
1776 1535 1910 1589 cepit.
1968 1534 2249 1577 Luceriamm

358 1612 496 1655 usque
529 1597 584 1640 ad
615 1597 756 1640 solum
787 1595 1043 1650 prostravit.
1104 1593 1275 1636 Deinde
1300 1592 1626 1636 Benevefftum
1659 1606 1757 1635 cum
1789 1592 1908 1635 omni
1940 1591 2134 1634 exercitu
2166 1590 2249 1633 cir-

362 1654 603 1704 cumdedit,
635 1654 715 1696 ubi
745 1651 991 1695 Rumaldus
1022 1650 1141 1693 filius
1173 1649 1397 1693 Grimaldi
1428 1650 1548 1705 regis
1580 1664 1598 1692 s
1611 1664 1632 1693 e
1664 1650 1718 1692 in
1728 1649 1840 1691 clus
1852 1662 1873 1692 e
1883 1662 1905 1691 r
1915 1650 2015 1691 atu.
2075 1648 2151 1690 Im
2160 1661 2189 1701 p
2199 1660 2221 1690 e
2232 1669 2247 1676 -

362 1728 384 1755 r
395 1715 531 1762 ator,
566 1713 747 1764 accepta
771 1708 921 1752 obside
944 1722 1004 1762 pr
1015 1721 1036 1750 e
1047 1707 1099 1750 di
1110 1707 1186 1749 cti
1209 1706 1446 1750 RomaldiO
1477 1720 1635 1756 sorore,
1667 1720 1686 1748 s
1697 1721 1719 1749 0
1730 1706 1850 1748 luta
1881 1704 2108 1749 obsidione
2131 1703 2248 1746 Nea-

363 1769 500 1824 polim
531 1767 838 1821 proficiscitur.
899 1766 921 1808 Ι
931 1780 961 1807 11
971 1764 1029 1807 de
1040 1773 1062 1802 P
1092 1764 1281 1806 Romam
1312 1763 1507 1817 perrexit
1516 1780 1526 1813 3
1574 1763 1644 1805 cui
1674 1767 1795 1806 sexto
1827 1762 1883 1805 ab
1914 1761 2022 1804 urbe
2054 1761 2249 1804 miliario

361 1827 441 1868 Vit
451 1825 653 1868 ellianus
684 1837 801 1877 papa
832 1836 929 1864 cum
961 1820 1262 1864 sacerdotibus
1295 1823 1341 1863 et
1370 1820 1532 1874 populo
1562 1820 1762 1862 Romano
1793 1818 1997 1862 occurrit.
2059 1816 2145 1870 Qui
2176 1831 2250 1871 op·

362 1883 472 1926 tulit
502 1881 528 1924 b
543 1883 662 1924 eato
686 1881 849 1923 Petro
879 1878 1070 1932 pallium
1102 1891 1207 1920 auro
1239 1876 1398 1920 textile
1407 1893 1416 1926 ;
1452 1879 1497 1919 et
1528 1890 1711 1920 manens
1744 1875 1862 1930 apud
1883 1876 2071 1919 Romam
2095 1872 2250 1916 diebus

363 1939 454 1982 XII
495 1938 656 1987 onmia,
701 1950 813 1993 quae
854 1935 1033 1979 fuerant
1076 1934 1327 1990 antiquitus
1370 1934 1582 1976 instituta
1624 1947 1674 1976 ex
1717 1946 1817 1976 aere
1855 1933 1903 1975 in
1940 1932 2251 1975 ornamentum

363 1996 563 2039 civitatis
576 2029 585 2046 ,
630 1994 834 2048 deposuit
864 1993 912 2036 in
941 1993 1140 2043 tantum,
1182 1993 1234 2034 ut
1273 1991 1410 2034 etiam
1441 1990 1676 2034 basilicam
1714 1989 1874 2033 beatae
1905 1989 2076 2034 Mariae
2087 2022 2096 2040 ‚
2140 2000 2253 2043 quae

366 2052 604 2109 aliquando
650 2051 826 2094 Panthe
836 2064 859 2094 o
869 2059 928 2093 nq
972 2048 1215 2092 vocabatur
1229 2082 1238 2099 ‚
1286 2047 1600 2102 discooperiret
1642 2047 1908 2102 tegulasque
1955 2059 2104 2089 aereas
2149 2044 2253 2087 inde

367 2110 573 2154 auferret.
640 2108 677 2150 P
687 2123 710 2151 o
720 2122 739 2150 3
750 2111 771 2151 t
807 2108 838 2150 h
848 2121 872 2150 a
883 2120 904 2150 e
915 2119 936 2149 c
974 2105 1211 2159 Neapolim
1250 2118 1447 2147 reversus
1486 2105 1648 2147 itinere
1685 2107 1862 2147 terreno
1874 2113 1892 2134 1·
1920 2103 2116 2157 perrexit
2147 2101 2252 2144 civi-

365 2170 507 2210 tatem
551 2166 743 2221 Regium
757 2173 773 2195 S
818 2164 1129 2220 ingressusque
1176 2162 1377 2205 Siciliam
1421 2161 1650 2204 habitavit
1694 2162 1741 2203 in
1788 2161 2004 2203 Siracusa.
2086 2159 2254 2201 Mansit

368 2226 516 2267 autem
546 2224 595 2265 in
624 2222 780 2265 Sicilia
802 2221 873 2263 VI
907 2222 1092 2262 annost
1106 2242 1114 2250 ·
1129 2217 1168 2269 43
1200 2218 1291 2261 ubi
1322 2220 1443 2272 post
1473 2218 1738 2272 plurimas
1770 2219 1822 2260 et
1853 2217 2133 2260 inauditas
2166 2215 2253 2258 de-

366 2279 717 2335 predationes
759 2279 808 2320 in
848 2277 1007 2320 balneo
1053 2289 1078 2318 a
1120 2275 1209 2318 suis
1253 2275 1472 2318 extinctus
1517 2276 1595 2317 est.
1668 2274 1798 2317 Post
1835 2273 1991 2317 huius
2029 2274 2254 2316 mortem

368 2337 584 2380 Mezecius
609 2336 655 2378 in
680 2334 835 2378 Sicilia
865 2346 1053 2388 regnum
1079 2332 1283 2386 arripuit,
1317 2331 1393 2375 sed
1417 2331 1582 2387 absque
1607 2330 1837 2374 orientalis
1864 2331 2078 2374 exercitus
2101 2329 2253 2373 volun-

368 2397 463 2437 tate
473 2404 508 2437 ¹1.
569 2390 734 2436 Contra
765 2404 896 2448 quem
927 2390 1091 2432 Italiae
1121 2389 1312 2439 milites,
1354 2388 1434 2431 alii
1463 2402 1542 2442 per
1572 2388 1802 2437 Istriamv,
1847 2388 1927 2430 alii
1958 2401 2036 2442 per
2066 2386 2255 2440 Campa·

368 2452 491 2494 niam
502 2484 511 2501 ,
552 2449 631 2493 3111
668 2463 768 2492 vero
809 2462 834 2491 a
862 2447 1066 2501 partibus
1076 2455 1107 2476 W
1137 2445 1348 2489 AfricaeX
1379 2448 1424 2488 et
1454 2444 1686 2488 Sardiniae
1727 2443 1973 2498 [venientes
1983 2453 2007 2482 Y
2036 2443 2100 2498 in]
2134 2443 2254 2486 Sira-

370 2522 513 2557 cusas,
556 2520 655 2550 311111
692 2506 788 2548 vita
826 2505 1073 2559 privarunt.
1151 2501 1585 2557 Constantinopolim
1624 2505 1786 2556 caputz
1826 2501 1931 2544 falsi
1972 2499 2255 2556 imperatoris

369 2565 652 2619 deportatum
685 2565 766 2606 est.

513 2621 636 2663 Haec
653 2619 834 2663 audiens
852 2631 959 2673 gens
973 2616 1312 2660 Sarracenorum
1323 2624 1356 2667 a,
1375 2629 1485 2672 quae
1499 2615 1589 2658 iam
1603 2613 1920 2658 Alexandriam
1935 2616 1980 2657 et
1994 2614 2255 2670 Egyptumb

372 2679 641 2733 pervaserat,
674 2676 820 2719 subito
853 2689 950 2718 cum
981 2674 1137 2717 multis
1168 2673 1356 2717 navibus
1386 2673 1616 2716 venientes
1641 2672 1844 2715 Siciliam
1875 2670 2106 2721 invadunt,
2138 2670 2255 2713 Sira-

373 2749 495 2778 cusas
537 2733 850 2789 ingrediuntur
889 2732 1166 2787 multamque
1177 2739 1196 2761 ⁰
1237 2733 1436 2784 stragem
1476 2729 1648 2772 faciunt
1688 2729 1962 2783 populorum,
2005 2727 2256 2771 auferentes

374 2805 543 2848 quoque
581 2790 767 2845 predam
807 2789 995 2832 nimiam
1039 2791 1083 2831 et
1126 2801 1299 2831 omnem
1340 2787 1483 2837 illum,
1527 2800 1658 2842 quem
1697 2785 2013 2829 Constantinus
2053 2798 2079 2827 a
2114 2784 2258 2828 Roma

375 2849 642 2899 abstulerat,
687 2849 892 2891 ornatum
923 2846 970 2888 in
1003 2858 1100 2888 aere
1133 2847 1178 2887 et
1218 2844 1402 2887 diversis
1434 2844 1682 2898 speciebus,
1725 2842 1781 2886 ad
1791 2842 1813 2873 d
1843 2840 2160 2885 Alexandriam
2191 2854 2256 2884 re-

373 2906 490 2950 versi
521 2907 637 2948 sunt.

375 3017 411 3055 a)
447 3018 582 3048 chloth.
607 3018 638 3048 Β
654 3018 687 3048 2.
797 3015 835 3055 b)
870 3016 1088 3047 catercinam
1109 3015 1139 3046 A
1159 3015 1189 3045 2.
1301 3012 1333 3053 e)
1368 3020 1613 3051 angavensem
1636 3012 1668 3042 Β
1684 3012 1716 3043 3.
1827 3010 1863 3050 d)
1897 3010 2155 3049 petrogIricum
2178 3009 2209 3040 A
2224 3011 2255 3041 2.

376 3061 408 3099 e)
438 3060 607 3098 pyrineos
632 3060 662 3090 A
679 3061 709 3090 2.
815 3058 845 3098 f)
879 3058 1084 3097 suspiciens
1109 3059 1140 3088 Β
1156 3058 1188 3089 2.
1214 3057 1245 3088 3.
1351 3055 1388 3095 g)
1418 3057 1636 3086 ticinonsem
1660 3055 1692 3085 Β
1708 3055 1740 3085 2.
1845 3052 1884 3093 11)
1915 3053 2152 3092 dagabertum
2175 3053 2209 3082 Β
2224 3053 2257 3083 2.

374 3102 400 3142 1)
425 3102 534 3139 fugiit
555 3102 586 3132 A
602 3104 633 3133 2.
722 3099 763 3140 k)
786 3101 825 3131 in
847 3101 1044 3132 brittannia
1067 3100 1098 3130 A
1115 3102 1146 3131 2.
1237 3097 1265 3137 l)
1290 3098 1466 3128 anthenas
1489 3099 1521 3128 B
1537 3099 1568 3128 3.
1659 3096 1708 3134 m)
1732 3095 1956 3127 lucenariam
1979 3095 2011 3125 B
2026 3095 2059 3126 2.
2149 3094 2182 3134 e)
2205 3094 2260 3124 in-

376 3147 556 3175 clauserat
577 3146 608 3176 A
627 3146 656 3174 2.
683 3145 714 3174 Β
732 3147 766 3182 1;
798 3144 882 3174 incl.
910 3152 949 3174 se
972 3144 1004 3174 B
1021 3144 1052 3174 3.
1143 3140 1178 3181 o)
1199 3140 1355 3172 rumaldi
1378 3140 1410 3170 B
1426 3141 1458 3171 2.
1540 3139 1578 3178 p)
1600 3138 1757 3177 indeque
1781 3138 1811 3168 A
1827 3140 1857 3169 2.
1938 3136 1974 3176 q)
1997 3139 2153 3176 panteon
2177 3137 2209 3167 Β
2225 3137 2257 3168 2.

376 3187 407 3227 r)
431 3192 576 3225 tyrreno
600 3188 630 3218 A
648 3187 678 3217 2.
757 3185 788 3225 s)
811 3186 948 3223 regiam
971 3186 1001 3215 A
1017 3186 1050 3215 2.
1125 3184 1153 3223 t)
1177 3184 1282 3214 annis
1304 3183 1335 3213 Α
1354 3183 1385 3213 2.
1462 3180 1500 3220 11)
1524 3183 1749 3212 voluntatem
1775 3180 1805 3211 A
1821 3181 1853 3211 2.
1920 3180 1960 3219 v)
1983 3179 2151 3209 histriam
2174 3178 2204 3209 A
2222 3180 2258 3217 23

376 3231 555 3267 hystriam
579 3230 610 3260 Β
627 3230 658 3260 3.
741 3229 785 3268 w)
808 3228 1020 3266 parentibus
1044 3227 1076 3257 B
1092 3227 1122 3257 3.
1203 3226 1241 3265 x)
1264 3223 1409 3256 affricae
1432 3224 1464 3255 B
1479 3225 1510 3255 3.
1602 3223 1641 3262 y)
1663 3224 1853 3254 venientes
1876 3222 1914 3252 in
1937 3221 2061 3252 desunt
2084 3222 2122 3252 in
2145 3220 2258 3259 codd„

378 3282 418 3304 ex
442 3273 554 3304 Paulo
577 3272 748 3311 suppleta.
842 3270 876 3310 z)
911 3269 1027 3308 capud
1050 3270 1082 3300 Β
1098 3270 1129 3300 3.
1219 3268 1254 3305 a)
1285 3275 1537 3298 saracenorum
1562 3266 1592 3296 Β
1609 3268 1640 3297 3.
1730 3265 1767 3305 b)
1798 3269 1970 3304 egyptum
1994 3267 2031 3295 et
2053 3263 2146 3294 alex.
2173 3265 2205 3295 B
2221 3265 2256 3301 23

380 3315 540 3361 egiptum
563 3315 593 3345 A
610 3315 640 3344 2.
731 3312 764 3353 c)
789 3321 858 3352 que
882 3313 975 3344 deest
998 3312 1029 3342 B
1046 3312 1076 3343 3.
1167 3310 1204 3349 d)
1230 3310 1329 3341 deest
1354 3310 1382 3340 A
1399 3310 1430 3340 2.
1457 3309 1488 3339 Β
1504 3309 1536 3339 3.

381 3387 422 3436 1)
477 3383 631 3428 Hairb.
687 3383 828 3427 Gesta
880 3384 1004 3437 Day.
1057 3394 1243 3435 semper.
1412 3380 1454 3431 2)
1509 3377 1699 3422 Unulfus
1754 3376 2013 3429 (Hunulfus)
2066 3378 2258 3421 Paulus.

381 3443 424 3495 3)
467 3442 880 3485 Beneventanorum
910 3439 1018 3482 fines
1050 3440 1244 3483 Paulus.
1374 3436 1417 3488 4)
1463 3435 1517 3478 ab
1550 3434 1793 3477 indictione
1826 3434 2017 3488 septima
2046 3447 2183 3490 usque
2213 3434 2261 3476 in

382 3498 685 3543 duodecimam
718 3498 906 3541 Paulus.

2474 847 2478 850 .
2471 821 2478 831 .-
2456 664 2479 804 ικέἁὲ-ιη
2454 644 2479 655 .’

2273 1599 2291 1617 *
2311 1607 2351 1638 p·
2369 1598 2431 1631 551
2439 1598 2471 1630 b.

2428 3320 2448 3376 *-
