2491 3724
400 159 438 201 X
973 156 1302 201 REGINONIS
1332 154 1694 201 CHRONICON.

411 285 923 353 Weissenbiwqensem
956 285 1164 352 accepit,
1203 283 1418 350 (lenique
1448 301 1494 332 a.
1522 283 1640 336 968.
1675 285 2089 352 archiepiscopus
2121 285 2268 352 Muq-

395 369 725 438 deburqensis
761 369 944 435 factus
988 376 1033 419 et
1070 387 1117 420 a.
1151 369 1269 420 981.
1310 375 1538 418 mortuus
1576 376 1668 430 est,
1713 376 1968 419 auctorem
2008 369 2269 419 continua-

396 454 549 504 tionis
575 452 749 520 fuisse
785 453 858 506 W.
890 454 950 504 cle
987 451 1339 504 Giesebreehtl
1371 452 1445 502 ita
1478 451 1711 502 omnibus
1746 452 1999 519 probavit,
2037 461 2092 503 ut
2122 453 2270 503 hodie

394 556 536 588 nemo
562 537 705 605 fere,
757 546 813 587 ut
850 538 1071 601 videtur,
1121 536 1180 587 cle
1226 556 1285 587 ea
1330 556 1384 587 re
1431 536 1636 590 dubitet.
1717 536 1864 604 Conf.
1903 537 2175 605 Rudinyer
2212 538 2269 587 in

395 623 619 673 versione
665 621 944 684 thiudisca,
997 621 1268 672 Ditmmler
1305 620 1443 672 ‘Otto
1488 621 1537 674 cl.
1575 621 1777 672 Grosse'
1818 621 1948 685 321,
1995 620 2051 674 J.
2089 621 2267 672 Werra

396 694 560 756 ‘Uber
597 707 646 758 cl.
693 705 1029 757 Continuator
1079 707 1380 776 Reqinonis‘
1423 705 1572 774 (cliss.
1627 706 1768 775 Lips.
1812 705 1973 774 1883)
2020 706 2089 760 90
2105 708 2269 770 —--92,

408 790 729 841 Wattenbach
770 791 801 844 l.
827 791 858 844 l.
901 791 944 855 I,
983 792 1102 843 342.

536 896 612 947 De
639 897 876 964 fontibus
913 899 995 965 eqi
1035 898 1216 949 ‘Neues
1248 896 1454 948 Archiv'
1487 897 1606 962 XV,
1638 898 1946 950 324—330:
1986 899 2118 948 inter
2149 916 2270 966 quos

388 988 593 1047 praeter
630 980 862 1032 Annales
891 982 1172 1050 Auqienses
1211 981 1475 1050 (-939)2
1512 984 1760 1050 inprimis
1791 983 2020 1034 Annales
2058 983 2269 1052 quidam

390 1063 668 1115 Fulclenses
710 1064 962 1116 breviores
1005 1084 1162 1133 usque
1200 1067 1272 1117 acl
1309 1087 1356 1120 a.
1389 1067 1508 1118 939.
1549 1075 1638 1117 aut
1673 1067 1832 1135 paulo
1875 1068 2077 1136 lonqius
2112 1069 2267 1135 perti-

392 1157 577 1213 nentes⁷
634 1150 724 1217 qui
768 1157 947 1217 postea
992 1150 1282 1218 perierunt,
1337 1160 1452 1202 sunt
1505 1151 1966 1216 commemorandi‚·
2026 1152 2270 1204 accedunt

390 1233 621 1285 Annales
655 1234 1016 1303 Sanqallenses
1045 1236 1268 1288 maiores
1293 1235 1559 1305 (—918)3
1589 1245 1633 1288 et
1666 1237 2017 1288 Laubacenses
2049 1237 2269 1305 (-—912,

394 1317 489 1371 SS.
515 1320 547 1368 I
544 1319 568 1382 )
580 1338 599 1384 ,·
648 1338 771 1370 num
807 1327 1014 1388 praeter
1052 1321 1141 1372 hos
1181 1320 1492 1373 Adalbertus
1529 1322 1752 1390 aliquem
1781 1321 1983 1390 fontem
2020 1340 2153 1373 nunc
2192 1322 2269 1373 la-

391 1412 568 1455 tentem
605 1405 855 1469 habuerit,
893 1405 1098 1456 decerni
1136 1406 1224 1456 vioe
1260 1406 1497 1474 potuerit.

531 1511 707 1579 Ipsum
733 1512 1016 1580 Reqinonis
1048 1512 1321 1563 chronicon
1352 1532 1462 1564 cum
1495 1513 1873 1564 continuatione
1904 1514 2081 1564 multis
2109 1514 2270 1582 scrip-

389 1595 580 1646 toribus
618 1604 900 1664 temporum
931 1598 1279 1665 posteriorum
1306 1597 1438 1666 fons
1471 1598 1602 1667 fuit.
1684 1598 1847 1650 Paene
1884 1607 2038 1649 totum
2077 1607 2269 1649 utrum-

390 1699 480 1748 que
518 1698 643 1748 opus
680 1690 932 1750 receptum
971 1691 1041 1733 est
1078 1684 1133 1733 in
1172 1682 1389 1735 annales
1425 1683 1544 1735 illos
1583 1683 2011 1752 Nknburqenses,
2053 1685 2142 1753 qui
2180 1684 2267 1735 sub

389 1765 624 1816 Arnolclo
662 1765 836 1817 abbate
875 1766 1312 1837 Maqoleburqensi
1351 1767 1756 1837 (1120—1166)
1807 1777 1853 1819 et
1890 1769 2272 1837 Nienburqensi

389 1849 794 1920 (1134—1166)
835 1853 1113 1921 conscripti
1148 1853 1385 1904 violentur
1415 1872 1516 1905 esse
1554 1862 1614 1918 et,
1654 1872 1962 1922 quamquam
1996 1854 2099 1922 ipsi
2132 1853 2270 1921 peri-

388 1944 547 1999 erunt,
589 1945 759 1988 tamen
797 1956 859 1989 eoe
897 1938 1180 1990 Annalista
1211 1937 1416 1989 Saxone
1453 1948 1498 1990 et
1538 1938 1829 1990 Annalibus
1860 1937 2273 2006 Maqdeburqen-

387 2020 541 2084 sibus,
580 2022 668 2089 qui
705 2041 785 2073 eos
823 2024 1219 2092 eoescripserunt,
1258 2043 1450 2092 maqna
1482 2042 1544 2075 eae
1576 2031 1729 2092 parte
1767 2024 1971 2074 restitui
2005 2022 2267 2091 possunt&

390 2106 514 2156 Item
553 2108 788 2157 chronico
825 2117 869 2158 et
907 2109 1284 2160 continuatione
1314 2111 1399 2160 usi
1425 2117 1541 2160 sunt
1571 2109 1802 2160 Annales
1835 2109 2268 2177 Hersfelclenses5,

391 2191 742 2243 Herimannus
781 2193 1058 2262 Auqiensis
1097 2193 1220 2259 (SS.
1259 2193 1342 2262 V),
1389 2193 1503 2245 Otto
1534 2194 1892 2262 Frisinqensis
1930 2194 1986 2244 in
2019 2192 2269 2245 Chronico

392 2274 513 2343 (SS.
541 2276 688 2345 XX),
725 2277 981 2346 Maqister
1019 2279 1156 2330 Pous
1186 2279 1347 2330 Belae
1385 2280 1523 2347 reqis
1560 2280 1795 2330 notarius
1833 2279 1894 2330 cle
1931 2280 2084 2348 qestis
2123 2279 2268 2329 Hun-

389 2360 689 2430 qarorumss,
729 2362 959 2414 Annales
992 2363 1391 2433 Salzb⁴ur9enses
1423 2384 1460 2418 c,
1494 2384 1541 2417 a.
1577 2364 1726 2417 1180.
1765 2364 2031 2432 compilati-
2061 2372 2105 2415 et
2136 2383 2268 2414 nunc

391 2446 630 2510 amissi7,
684 2448 794 2499 sola
848 2449 1226 2501 continuatione
1279 2450 1349 2500 ad
1402 2469 1450 2503 a.
1491 2450 1789 2503 933—951
1848 2451 2002 2501 etiam
2060 2449 2269 2502 Cosmas

392 2530 514 2598 (SS.
556 2531 678 2601 IX).
754 2536 918 2602 Atque
957 2535 1187 2586 Annales
1226 2535 1614 2603 Hersfelclenses
1664 2544 1709 2586 et
1747 2535 2158 2604 Nienburqenses
2206 2554 2269 2586 eae

385 2618 503 2684 ipso
548 2617 716 2668 coelice
756 2618 803 2667 A
851 2618 918 2685 (v.
961 2618 1137 2687 infra)
1180 2621 1415 2672 videntur
1460 2622 1713 2685 hausisse,
1762 2621 2115 2672 Herimannus
2148 2619 2268 2688 for-

390 2709 521 2752 tasse
559 2721 620 2752 ex
656 2703 982 2755 Einsicllensi
1021 2704 1131 2772 (Bl
1178 2713 1222 2756 et
1252 2705 1385 2772 A2),
1440 2704 1553 2757 Otto
1591 2724 1653 2757 eac
1692 2706 1805 2770 Al,
1848 2706 2036 2774 reliqui
2072 2723 2135 2755 ex
2171 2704 2263 2754 ali·

391 2786 570 2854 quibus
619 2787 762 2839 illius
811 2790 1203 2857 exemplaribus.
1297 2792 1586 2860 Reqinonis
1635 2792 1907 2843 chronicon
1954 2791 2062 2841 sine
2115 2791 2268 2840 conti-

395 2873 631 2923 nuatione
674 2892 834 2940 paene
880 2883 1036 2925 totum
1082 2877 1357 2945 eoescripsit
1403 2885 1581 2927 auctor
1619 2875 1907 2925 Annalium
1946 2874 2269 2925 Blettensium

395 2956 516 3022 (SS.
551 2958 602 3024 I)
663 2978 687 3009 e
740 2959 909 3010 codice
963 2960 1086 3024 B3,
1144 2970 1413 3029 praeterea
1466 2962 1549 3011 usi
1599 2968 1715 3011 sunt
1765 2959 1935 3010 eodem
1986 2959 2268 3009 Marianus

399 3127 436 3178 1)
470 3126 745 3172 ‘Geschichte
777 3130 855 3172 der
884 3130 1151 3175 Kaisereeit'
1183 3133 1225 3182 I,
1258 3132 1355 3175 778.
1501 3131 1543 3183 2)
1577 3129 1656 3174 SS.
1683 3132 1731 3179 Ι,
1770 3131 1824 3173 63
1849 3143 1964 3184 sqq.,·
2010 3129 2136 3182 Jaffe'
2167 3130 2267 3172 bibl.

396 3199 494 3249 ῙῙῙ,
527 3199 609 3241 704
633 3211 720 3253 sqq.
859 3200 902 3252 3)
935 3201 1015 3244 SS.
1041 3203 1087 3250 I,
1126 3203 1179 3244 72
1205 3216 1319 3257 sqq.;
1365 3201 1409 3246 C.
1436 3202 1669 3255 Henkinq,
1710 3200 1942 3244 ‘Zurz'cher
1981 3200 2189 3244 Mittheil.
2228 3214 2265 3242 e.

394 3270 640 3312 vaterlc'incl.
665 3271 839 3313 (iesch)
867 3273 1002 3322 XIX,
1028 3275 1110 3316 265
1129 3288 1217 3328 sqq.
1334 3274 1378 3324 4)
1411 3272 1895 3326 Scheffer·Boichm·st,
1927 3269 2267 3327 ‘Forschunyen

394 3353 431 3381 ε.
464 3340 720 3383 Deutschcn
754 3342 928 3384 (resch)
957 3344 1044 3395 XI,
1076 3345 1339 3388 485-—490
1457 3343 1500 3396 5)
1546 3344 1605 3386 H.
1640 3344 1828 3394 Lorene,
1872 3342 1945 3385 ⁴1).
1983 3342 2197 3385 Annalen
2227 3356 2267 3386 v.

397 3410 642 3463 Hersfehff,
675 3412 780 3454 diss.
814 3413 937 3466 Lips.
967 3414 1088 3457 1885.
1203 3415 1245 3467 6)
1278 3415 1584 3467 Wattenbach‚
1610 3412 1964 3457 ‘Deutschlands
1989 3412 2267 3457 Geschichts-

393 3483 578 3536 quellen’
613 3484 682 3535 ΙΙ,
718 3484 809 3526 186.
928 3486 969 3535 7)
1000 3484 1292 3530 Wattcnbach
1322 3488 1348 3529 l.
1374 3488 1398 3530 l.
1432 3488 1504 3539 II,
1535 3486 1621 3528 274
1642 3497 1704 3540 sq.
