2491 3724
620 186 946 231 REGINONIS
977 186 1336 231 CHRONICON.
1395 187 1447 230 A.
1473 188 1723 231 776—777.
2047 194 2098 233 51

239 318 297 357 ut
339 314 397 357 de
440 316 617 357 castro
659 317 851 357 exeant
893 317 944 357 et
986 328 1095 357 cum
1137 327 1265 368 pace
1304 314 1355 356 in
1395 314 1629 367 patriam
1668 318 1914 368 pergant.
1975 314 2217 357 Scd1Ann.
2246 323 2355 354 Laur.

240 384 349 413 cum
403 370 493 412 illi
546 370 842 413 fallacibus
893 371 1146 414 monitisa
1198 370 1416 412 minime
1469 383 1741 412 assensum
1793 370 2100 423 preberent.

239 425 463 469 machinas
500 429 780 480 preparant.
820 427 1170 469 munitionem
1210 425 1488 468 obsidione
1528 426 1754 480 cingunt
1793 429 1844 468 et
1883 428 2100 468 summis

238 483 448 525 viribus
488 486 720 532 certant,
760 482 848 525 sed
887 483 1030 525 nihil
1068 482 1386 536 proficiunt.
1455 481 1652 533 Quadam
1684 483 1872 537 itaque
1905 482 1974 525 die
2006 496 2100 524 cum

239 540 434 581 iterum
472 538 719 582 redivivo
758 539 1056 581 certamine
1093 538 1261 580 bellum
1291 541 1535 591 parassent,
1568 539 1775 592 apparuit
1814 538 1956 592 gloria
1987 539 2100 581 Deib

238 595 470 638 manifeste
500 609 630 648 supra
660 595 836 637 domum
868 595 1087 644 ecclesiae,
1121 607 1231 649 quae
1263 596 1379 636 erat
1410 593 1526 636 infra
1548 595 1690 647 ipsum
1716 596 1920 643 castrum,
1953 595 2100 637 viden-

238 651 358 694 tibus
403 652 591 694 multis
637 654 730 693 tam
777 651 1098 693 christianis
1152 663 1283 705 quam
1335 650 1581 704 paganis.
1663 650 1793 692 Nam
1841 650 1924 693 duo
1970 655 2101 693 scuta

240 710 608 762 apparuerunt
649 720 780 760 supra
816 706 1084 759 prefatam
1128 705 1416 748 basilicam
1458 707 1753 760 sanguineo
1797 707 1937 749 colore
1977 707 2099 750 flam·

240 778 430 820 mantia
457 780 502 819 et
527 763 669 813 velut
699 763 753 812 in
785 762 948 826 prelio
981 760 1298 827 quibusdam
1331 761 1560 812 motibus
1592 777 1847 829 agitantia,
1909 777 2101 832 Itaque

238 834 402 888 pagani
439 833 518 876 hoc
555 834 730 887 signum
770 832 1101 885 aspicientes
1139 832 1299 874 timore
1337 834 1389 874 et
1426 831 1714 876 formidine
1752 833 1952 887 repleti
1991 847 2102 877 11101

239 891 291 932 111
332 889 511 944 fugam
551 889 793 931 conversi
831 892 955 931 sunt
993 890 1038 931 et
1075 889 1128 930 in
1165 890 1321 930 tanta
1359 890 1624 932 amentiae
1663 889 2012 939 devenerunt,
2044 895 2101 932 ut

239 946 452 988 strictis
492 944 696 999 gladiis
727 944 928 987 mutuis
967 959 1018 987 se
1050 945 1211 987 armis
1243 944 1604 988 confoderent.
1673 944 1852 997 Quanto
1882 959 2002 988 vero
2034 947 2103 988 illi

237 1002 334 1055 plus
364 1015 523 1054 pavore
553 1001 780 1054 perterriti
811 999 1065 1055 sugeruntd,
1108 1003 1235 1044 tanto
1265 1001 1409 1053 magis
1441 1002 1671 1044 christiani
1703 1002 1937 1045 confortati
1968 1003 2104 1045 omni-

237 1061 462 1111 potentem
493 1058 683 1099 Deume
708 1056 1000 1108 laudabant,
1033 1058 1108 1113 qui
1139 1057 1317 1100 salvos
1341 1057 1478 1100 facit
1509 1062 1787 1112 sperantes
1813 1059 1865 1100 in
1889 1073 1952 1102 se.
2007 1058 2105 1100 ΕΧ2

237 1113 481 1167 predicto
519 1114 695 1167 igitur
732 1113 845 1156 loco
888 1127 998 1156 cum
1037 1116 1194 1156 tanta
1225 1113 1535 1157 confusione
1575 1114 1916 1158 discedentes
1948 1129 2104 1157 vene-

237 1173 361 1212 runt
386 1170 448 1212 ad
473 1169 621 1212 aliud
645 1172 900 1220 castrum,
933 1170 1069 1224 quod
1094 1170 1407 1224 appellatur
1437 1170 1798 1225 Desuburghf;
1838 1171 1929 1213 ubi
1961 1172 2104 1214 volue-

237 1229 340 1268 runt
370 1226 578 1268 similiter
609 1225 763 1275 facere,
796 1225 888 1268 sed
917 1226 1022 1269 Deo
1055 1227 1295 1269 auxiliante
1320 1227 1608 1282 Francisque
1640 1228 1701 1269 eis
1732 1227 1925 1270 viriliter
1947 1241 2103 1282 repug-

237 1282 447 1325 nantibus
485 1282 598 1324 nihil
635 1282 959 1335 prevaluerunt.
1028 1281 1298 1335 Opidanig
1327 1296 1450 1325 vero
1487 1284 1704 1336 persecuti
1735 1287 1836 1326 sunt
1868 1297 1937 1326 eos
1968 1297 2103 1339 usque

239 1338 295 1381 ad
324 1339 498 1389 flumen,
531 1338 666 1393 quod
697 1336 874 1392 Lippa3
904 1337 1127 1389 dicitur,
1168 1342 1219 1381 et
1249 1338 1447 1381 multos
1487 1353 1543 1381 ex
1576 1340 1650 1381 eis
1689 1339 2102 1382 interfecerunt.

235 1397 426 1450 Itaque
457 1407 530 1437 rex
561 1394 886 1436 Wormatiamh
917 1395 1133 1437 veniens
1164 1394 1365 1437 sinodum
1394 1395 1716 1451 placitumque
1755 1396 2001 1449 publicumi
2040 1396 2102 1437 ibi

7 1458 402 1503 *6559616111111
433 1460 477 1500 et
514 1457 696 1500 concilio
728 1456 924 1500 *soluto
948 1471 1060 1500 mox
1091 1457 1305 1500 Saxonum
1338 1457 1478 1500 fines
1511 1459 1828 1512 penetravit
1860 1458 1925 1512 61,
1964 1451 2102 1502 velut

235 1520 419 1585 ingens
485 1525 774 1585 tempestas
841 1520 1017 1570 omnia
1077 1520 1389 1585 prosternit,
1461 1521 1780 1571 munitiones
1841 1522 2101 1588 irrumpit.

236 1590 424 1633 Saxones
447 1591 676 1644 perterriti
701 1589 755 1632 ad
778 1590 935 1639 locum,
959 1590 1037 1633 ubi
1059 1591 1202 1644 Lippa
1226 1591 1419 1641 oritur,
1452 1594 1713 1641 venerunt,
1745 1591 1824 1634 ibi
1855 1606 1906 1635 se
1931 1607 1986 1635 su
1999 1607 2102 1635 am-

237 1647 367 1701 quek
409 1648 603 1701 patriam
649 1647 767 1701 regi
810 1646 1112 1690 tradiderunt
1158 1649 1203 1690 et
1248 1647 1576 1701 spoponderunt
1617 1661 1661 1690 se
1704 1648 1967 1692 christianos
2012 1663 2103 1692 esse

237 1703 442 1746 debere.
503 1703 625 1746 Tunc
648 1717 721 1746 rex
743 1717 830 1745 una
861 1717 957 1746 cum
990 1704 1171 1746 Francis
1202 1705 1541 1747 restauravit
1570 1704 1879 1759 Heresburghl
1912 1709 2102 1748 castrum

237 1763 282 1802 61
313 1759 434 1802 aliud
465 1763 657 1802 castrum
689 1773 818 1813 super
840 1759 1048 1813 Lippam3
1080 1759 1171 1802 ubi
1201 1760 1428 1803 venientes
1454 1761 1640 1803 Saxones
1663 1774 1752 1803 una
1776 1775 1873 1804 cum
1897 1762 2102 1804 uxoribus

238 1819 282 1858 et
333 1817 575 1869 parvulis
626 1816 964 1858 innumerabilis
1017 1816 1259 1859 multitudo
1311 1817 1531 1870 baptizati
1585 1819 1732 1859 suntm
1785 1818 1840 1860 in
1891 1819 2103 1861 nomine

238 1874 456 1915 sanctae
498 1872 810 1915 Trinitatis.
885 1871 1011 1915 Post
1055 1873 1215 1915 haecn
1260 1873 1446 1923 obsides,
1494 1875 1681 1928 quantos
1726 1887 1799 1916 rex
1847 1875 2102 1928 expetiit,

237 1928 463 1971 dederunt.
550 1928 880 1972 Reformatis
933 1931 1110 1971 autem
1169 1929 1379 1971 castellis
1439 1929 1810 1985 custodiisque
1864 1930 2103 1984 dispositis

237 1983 456 2028 Carolus
486 1985 533 2027 in
563 1985 794 2027 Franciam
827 1986 1093 2027 revertitur
1124 1987 1169 2028 et
1200 1984 1442 2028 celebravit
1471 1987 1669 2029 natalem
1695 1987 1873 2029 Domini
1905 1987 1951 2029 in
1975 1987 2102 2030 Heri-

236 2041 383 2084 stellio
415 2043 460 2084 et
487 2042 651 2095 pascha
681 2041 727 2084 in
758 2041 1026 2096 Niumagao.

377 2124 524 2167 Anno
555 2124 856 2168 dominicae
887 2125 1321 2169 incarnationisp
1350 2123 1687 2169 DCCLXXVII.
1721 2141 1793 2169 rex
1819 2126 2102 2170 Saxoniam

236 2181 511 2235 ingressus
552 2182 815 2235 placitum
857 2182 1038 2224 tenuit
1090 2182 1144 2224 in
1182 2182 1315 2234 loco,
1356 2182 1444 2237 qui
1476 2182 1681 2225 dicitur
1712 2183 2101 2234 Padresbrunnaq;

237 2237 326 2279 ubi
357 2251 530 2280 omnes
563 2237 749 2280 Saxones
781 2240 1075 2280 convenerunt
1106 2240 1282 2292 excepto
1313 2238 1659 2290 widichindisr‚
1704 2241 1793 2295 qui
1825 2253 1921 2282 cum
1952 2241 2101 2294 paucis

238 2293 600 2337 Saxonibusin
617 2294 821 2348 partibus
838 2294 1190 2337 Nortmanniaes
1213 2294 1469 2348 confug-itt.
1515 2295 1573 2338 In
1600 2295 1778 2339 eodem
1803 2297 1965 2339 etiam
1990 2297 2103 2339 loco

236 2353 450 2393 venerunt
473 2350 704 2394 Sarraceni
728 2350 780 2393 de
803 2350 1006 2404 partibus
1031 2351 1286 2405 Hispaniae,
1320 2365 1536 2406 quorum
1567 2352 1694 2395 haec
1725 2355 1847 2395 sunt
1870 2354 2102 2396 nomina:

235 2406 338 2448 Ibin
369 2407 412 2449 al
442 2406 614 2450 Arabiu
645 2409 690 2450 et
718 2407 836 2449 filius
859 2407 1064 2455 Deiuzefi,
1098 2408 1172 2462 qui
1204 2407 1644 2462 Lammeiosephv-4
1675 2409 2025 2460 nominabatur,
2057 2413 2103 2452 et

238 2475 372 2517 gener
403 2463 539 2504 eius*
597 2463 700 2507 Ubi
731 2463 894 2506 etiam
924 2463 1169 2506 multitudo
1194 2463 1411 2507 Saxonum
1434 2464 1655 2518 baptizati
1678 2468 1820 2508 suntW
1852 2468 1896 2508 et
1926 2479 2102 2508 sacra-

331 2572 372 2626 *)
404 2573 554 2629 ibique
592 2588 636 2618 se
675 2588 772 2616 611111
802 2573 1017 2625 omnibus,
1057 2589 1163 2630 quos
1194 2575 1431 2630 regebant,
1472 2575 1634 2619 ditioni
1666 2577 1783 2632 regis
1815 2576 1970 2619 Karoli
2002 2576 2101 2619 sub-

408 2629 616 2673 diderunt
646 2631 750 2674 add.
782 2644 904 2674 man.
934 2644 1050 2675 saec.
1082 2633 1201 2675 XII.
1231 2633 1280 2675 in
1311 2633 1405 2676 cod.
1435 2633 1480 2675 Β
1503 2634 1542 2676 3.

237 2740 272 2780 a)
301 2741 428 2772 moniti
450 2743 532 2771 sunt
553 2741 582 2772 A
600 2743 630 2773 1.
690 2739 728 2780 b)
750 2742 898 2772 Domini
920 2741 950 2772 A
965 2743 997 2772 2.
1058 2741 1091 2782 6)
1115 2742 1151 2772 111
1174 2745 1312 2773 tantam
1334 2743 1526 2774 amentiam
1549 2742 1579 2773 A
1596 2744 1626 2775 2.
1653 2743 1684 2775 3.
1745 2742 1782 2781 d)
1813 2743 1999 2781 fugierunt
2021 2742 2051 2773 A
2069 2746 2098 2774 1.

237 2782 273 2822 6)
311 2783 493 2814 dominum
524 2784 603 2814 B2.
713 2782 742 2822 f)
779 2783 964 2822 desuburg
993 2782 1070 2814 A3.
1180 2784 1218 2823 g)
1257 2784 1425 2823 oppidani
1453 2785 1532 2816 ΑΞ.
1564 2786 1594 2816 3.
1705 2784 1746 2825 h)
1784 2786 1992 2815 uormatiam
2022 2786 2051 2815 A
2068 2786 2098 2815 2.

236 2827 263 2865 i)
284 2825 460 2864 pullicum
484 2826 516 2856 B
533 2828 566 2863 13
598 2824 798 2864 plublicum
822 2827 854 2856 Β
869 2828 900 2856 2.
989 2825 1029 2865 k)
1051 2834 1154 2856 suam
1177 2826 1208 2856 A
1225 2828 1254 2857 1.
1280 2828 1312 2858 Β
1327 2828 1364 2866 3;
1396 2830 1432 2858 61
1456 2835 1559 2857 suam
1582 2828 1613 2857 B
1629 2827 1660 2858 2.
1743 2827 1770 2866 1)
1795 2827 1997 2864 heresburg
2021 2829 2049 2858 A
2068 2829 2098 2857 ⁸2.

236 2867 286 2905 m)
307 2868 492 2907 baptizata
514 2870 570 2898 est
593 2868 623 2898 A
638 2868 670 2898 2.
730 2868 770 2906 n)
791 2868 857 2898 hoc
881 2868 909 2898 A
926 2867 957 2898 2.
1012 2866 1047 2907 o)
1069 2868 1237 2906 niumago
1261 2869 1292 2898 A
1307 2870 1342 2905 33
1367 2869 1504 2907 pascha
1527 2869 1696 2900 similiter
1718 2870 1748 2900 A
1765 2870 1795 2899 2.
1850 2868 1888 2908 p)
1910 2869 1998 2900 deest
2023 2869 2052 2899 A
2071 2872 2098 2900 l.

237 2909 273 2948 q)
295 2910 461 2949 padorbr.
487 2910 516 2940 A
533 2910 566 2940 3.
668 2914 698 2946 r)
729 2909 968 2941 uuitichindis
990 2910 1021 2940 A
1037 2910 1074 2948 2;
1112 2910 1307 2941 widikindo
1330 2910 1361 2941 A
1377 2912 1410 2942 3.
1513 2911 1546 2951 s)
1576 2912 1799 2942 nortmaniae
1822 2911 1852 2941 A
1872 2915 1904 2945 1:
1937 2919 2101 2941 norman-

237 2953 318 2983 niae
346 2953 375 2983 Α
393 2953 429 2990 2;
453 2951 590 2982 noi-dm.
614 2951 644 2982 A
660 2953 691 2984 3.
780 2950 809 2992 t)
843 2950 1022 2989 confugiit
1045 2952 1076 2982 Β
1097 2953 1123 2981 1.
1215 2951 1254 2991 u)
1290 2953 1390 2983 ibina
1411 2952 1523 2984 iarabi
1549 2953 1578 2984 A
1599 2955 1628 2984 1.
1652 2955 1681 2984 2.
1768 2953 1806 2992 v)
1839 2953 2099 2992 iammeioseph

236 2995 267 3025 Β
282 2996 316 3033 2;
349 2993 466 3025 latine
488 2994 615 3033 ioseph
638 2995 676 3025 in
699 2995 731 3025 Β
747 2995 766 3025 3
789 3003 876 3025 corr.
902 3003 992 3025 man.
1018 3003 1045 3024 s.
1075 2993 1155 3023 XII.
1245 2994 1288 3034 w)
1310 2995 1491 3034 baptizata.
1513 2999 1569 3026 est
1591 2995 1621 3026 A
1638 2996 1669 3026 3.
1696 2996 1727 3026 B
1743 2997 1773 3026 2.

238 3091 279 3141 1)
321 3093 413 3145 Εα,
444 3105 559 3147 quae
589 3097 837 3147 sequuntur
873 3105 1012 3146 usque
1043 3092 1105 3134 ad
1135 3093 1268 3135 verba
1298 3096 1525 3146 sperantes
1557 3093 1602 3136 in
1633 3106 1692 3142 se,
1733 3094 1904 3147 Regino
1936 3107 1989 3136 ea:
2021 3094 2098 3136 ad-

237 3147 477 3191 ditamento
506 3149 699 3202 quodam
730 3149 977 3191 Annalium
1006 3150 1150 3191 Laur.
1193 3148 1324 3200 (Dum
1357 3150 1473 3191 enim
1504 3162 1582 3202 per
1611 3148 1778 3203 placita
1802 3170 1852 3176 —
1878 3172 1933 3178 —
1956 3162 2102 3192 servos

237 3203 351 3255 suos)
377 3205 584 3257 sumpsit,
615 3204 734 3259 quod
756 3205 804 3246 in
829 3217 877 3247 eo
902 3205 1162 3259 exemplari,
1193 3218 1278 3260 quo
1309 3211 1458 3249 noster
1484 3219 1596 3248 usus
1626 3211 1705 3258 est,
1736 3207 1801 3249 ita
1831 3207 1876 3248 z'n
1902 3207 2101 3260 margine

239 3259 460 3302 adiectum
490 3261 666 3304 videtur
692 3260 853 3314 fuisse,
884 3266 934 3304 ut
964 3261 1036 3303 ille
1067 3273 1120 3303 ea
1150 3262 1285 3304 verba-
1309 3275 1397 3304 non
1414 3267 1520 3317 post
1548 3261 1871 3315 prevaluerunt,
1903 3263 1982 3304 secl
2001 3268 2100 3315 post

240 3312 544 3358 destruxerunt
587 3316 827 3359 inserenda
873 3330 966 3360 esse
1008 3322 1202 3370 putaret.
1344 3319 1387 3366 2)
1433 3319 1493 3360 In
1538 3319 1658 3360 Ait-n.
1699 3320 1842 3361 Laur.
1885 3319 1995 3361 haec
2036 3318 2098 3359 ita

239 3369 469 3422 Ieyuntur:
493 3370 602 3412 Inde
624 3374 858 3425 pergentes
881 3373 1111 3415 voluerunt
1134 3372 1186 3415 de
1204 3373 1402 3428 Siiburgi
1417 3373 1698 3428 (Siyiburyo)
1719 3373 1928 3416 similiter
1943 3372 2099 3419 facere,

240 3424 478 3468 auxiliante
507 3426 694 3470 Domino
724 3427 904 3470 Francis
936 3428 996 3470 eis
1027 3428 1218 3471 viriliter
1248 3429 1598 3484 repugnantibus
1628 3429 1743 3471 nihil
1772 3428 2100 3482 prevaluerunt.

239 3479 282 3531 3)
313 3479 519 3533 Lippiam
550 3481 669 3524 Ann.
700 3485 842 3527 Laur.
956 3484 999 3535 4)
1030 3483 1170 3527 latine
1201 3484 1358 3538 Ioseph
1391 3488 1509 3528 Anu.
1541 3487 1682 3527 Laur.

1787 3567 1844 3609 4*
