2491 3724
312 160 375 204 VI
886 153 1213 199 REGINONIS
1244 151 1603 196 CHRONICON.

310 286 599 355 97²avi0rem
637 283 892 334 KaroZum
937 300 1099 349 reyem
1140 279 1408 330 Franciae
1455 280 1784 332 occidentalis
1812 280 1986 349 fuisse
2024 280 2184 331 Hart-

310 371 469 438 tun91
518 377 667 432 recte,
715 369 774 419 ni
809 367 1002 436 fallor,
1050 364 1340 430 suspicatus
1387 372 1473 417 est.
1549 363 1689 414 Nam
1740 364 1855 416 licet
1906 365 2185 437 Trt‘tbemio

308 455 600 523 plerumque
636 471 804 520 parva
827 450 963 517 fides
1002 448 1238 499 habenda
1275 448 1364 512 sit,
1414 456 1581 499 tamen
1621 467 1679 499 ea
1691 488 1705 513 ,
1755 466 1883 515 quae
1927 450 1985 499 in
2026 448 2180 500 Chro-

309 540 423 588 nico
475 535 843 603 Hirsauqiensi
901 533 1106 598 scribit,
1159 533 1474 601 Reyinonem
1527 532 1762 584 iussione
1814 530 1993 583 Caroli
2043 533 2185 599 regis

310 621 589 673 Gallorum
627 637 658 670 a
697 635 794 670 sua
832 617 1092 684 dignitate
1130 617 1414 685 depositum
1451 636 1572 680 esse,
1613 616 1754 684 quod
1794 634 1914 668 oum
1950 616 2185 684 Ruperto

310 706 439 757 duee
471 704 677 756 Galliae
703 701 950 766 Celticae,
984 701 1154 753 fratre
1186 701 1454 768 quondam
1491 700 1702 753 Ottonis
1729 701 1958 770 (Odonis
1981 703 2013 767 †
2037 701 2186 769 898),

307 792 551 854 sensisset,
593 807 625 838 a
664 805 779 838 vero
817 787 959 837 haud
996 787 1074 837 ita
1112 787 1257 862 ionye
1294 787 1531 838 videntur
1568 787 1881 856 discrepare.
1958 787 2187 838 Karolus

306 876 435 926 enim
477 893 524 924 a.
552 872 669 925 898.
719 880 896 923 contra
941 891 1108 939 reyem
1149 872 1577 924 Zuendiboleham
1620 872 1882 942 profectus
1919 874 1977 924 in
2015 872 2184 924 reditu

307 959 575 1009 Prumiam
607 958 756 1020 venit,
794 957 928 1008 uncle
961 957 1033 1008 ad
1060 976 1290 1026 puynam
1318 975 1545 1025 eyressus
1574 976 1751 1024 pacem
1783 976 1893 1008 cum
1924 958 2016 1008 illo
2035 957 2184 1026 fecit.

311 1043 506 1102 Quodsi
554 1042 756 1110 Reyino
805 1049 984 1092 contra
1034 1040 1288 1091 Karolum
1337 1042 1748 1109 conspiraverat,
1803 1041 1930 1109 quid
1983 1043 2187 1107 mirum,

305 1128 438 1196 quod
475 1147 568 1180 reoe
606 1127 851 1195 infestum
891 1127 992 1178 sibi
1023 1126 1255 1177 abbatem
1293 1125 1529 1177 sustulit?
1606 1126 1747 1178 Certe
1778 1135 1957 1177 auctor
1987 1126 2189 1178 Karolo

304 1231 403 1264 ozon
443 1213 520 1264 ita
548 1212 752 1281 favisse
793 1212 1008 1276 videtur,
1046 1211 1300 1280 siquidem
1335 1218 1539 1279 patrem
1576 1211 1686 1262 eius
1717 1229 1778 1262 eoe
1810 1211 1992 1280 priore
2028 1230 2188 1263 umore

307 1298 555 1367 Ansyard
593 1296 726 1349 duos
764 1297 962 1349 liberos
997 1296 1253 1363 elegantis
1291 1294 1496 1348 formae
1536 1312 1599 1347 ao
1629 1295 1858 1363 ingentis
1891 1295 2055 1347 animi
2084 1296 2187 1348 vir-

305 1386 417 1433 tute
461 1385 763 1448 prestantes
809 1382 1084 1450 suscepisse
1142 1400 1189 1435 a.
1235 1381 1353 1433 878.
1407 1390 1618 1443 narrat,
1667 1381 1728 1433 de
1774 1381 1972 1432 Karolo
2021 1389 2188 1433 autem

305 1467 494 1518 ibidem
533 1467 668 1517 nihil
706 1466 835 1517 dicit
873 1467 979 1517 nisi
1015 1467 1161 1517 baec:
1220 1465 1375 1517 enixa
1415 1469 1495 1516 est
1534 1465 1898 1536 (Adatheidis)
1944 1482 2186 1532 puerum,

307 1552 390 1602 cui
441 1568 635 1604 nomen
695 1552 778 1603 avi
837 1551 1091 1619 imposuit
1153 1567 1379 1617 eumque
1447 1549 1699 1602 Carolum
1758 1550 1983 1603 vocitari
2043 1549 2187 1602 fecit.

305 1637 618 1687 Richarium
667 1644 833 1687 autem
881 1637 938 1687 in
986 1637 1165 1705 qratia
1214 1637 1446 1687 maoeima
1497 1655 1609 1687 cum
1661 1637 1853 1688 Karolo
1891 1636 2066 1706 fuisse
2113 1636 2190 1687 vel

307 1723 422 1773 inde
461 1729 697 1790 apparet,
737 1721 872 1789 quod
907 1730 1084 1790 postea
1122 1740 1168 1773 a.
1205 1723 1322 1774 922.
1373 1723 1639 1790 episcopus
1679 1722 1976 1773 Leodiensis
2003 1720 2189 1790 factus

308 1815 378 1857 est
414 1806 667 1857 Folcuino
714 1804 866 1857 teste2
913 1806 1052 1858 dono
1101 1811 1154 1858 et
1200 1822 1462 1857 consensu
1502 1805 1682 1858 Caroli
1727 1807 1868 1874 regis
1909 1806 2191 1873 expetitus,

447 1892 648 1959 Regino
680 1890 903 1943 Prumia
942 1893 1122 1943 eiectus
1161 1892 1404 1943 Treveros
1442 1910 1491 1943 se
1531 1892 1759 1956 contulit,
1800 1892 1887 1942 ubi
1925 1891 2190 1942 abbatiam

309 1976 358 2029 S.
394 1976 640 2041 Martini,
681 1993 799 2027 cum
839 1976 984 2028 senio
1025 1981 1165 2028 esset
1203 1976 1357 2045 lapsa
1398 1981 1450 2028 et
1487 1977 1788 2028 vastatione
1826 1975 2191 2028 Normannioa

305 2079 423 2112 cum
468 2061 585 2128 ipsa
631 2060 845 2113 civitate
893 2077 1173 2126 succensa,
1221 2078 1253 2113 a
1299 2061 1559 2114 Rabboclo
1599 2061 1897 2113 Trevirensi
1938 2061 2189 2128 episcopo

303 2145 560 2212 Reginoni
601 2144 803 2210 abbati,
845 2145 1096 2213 religioso
1137 2145 1350 2198 cuidam
1397 2151 1449 2198 et
1488 2145 1854 2198 eeclesiastico
1893 2146 2006 2198 viro
2048 2163 2191 2198 oom-

304 2231 520 2282 missam
557 2235 609 2282 et
640 2230 707 2282 ab
742 2247 802 2283 eo
843 2231 897 2282 in
934 2231 1220 2298 pristinum
1260 2236 1460 2283 Statum
1491 2236 1802 2298 reparatam
1840 2250 1943 2283 esse
1979 2231 2036 2282 in
2071 2232 2190 2282 Vita

306 2314 357 2367 S,
384 2316 680 2385 Ma9nerici
712 2314 834 2384 (SS.
873 2315 1020 2381 VIII,
1055 2316 1183 2387 208)
1225 2316 1452 2386 Zeyimus.
1536 2316 1633 2368 Cui
1663 2317 1901 2368 ecclesiae
1933 2335 2088 2385 usque
2118 2317 2190 2368 ad

304 2409 510 2451 mortem
534 2400 734 2452 videtur
755 2399 1050 2469 praefuisse
1059 2420 1079 2466 7·
1117 2420 1238 2452 nam
1265 2402 1438 2453 eadem
1481 2402 1597 2453 Vita
1637 2400 1886 2453 defuneto
1918 2401 2190 2468 Reginone

304 2485 498 2537 abbate
536 2504 646 2536 eam
685 2485 837 2537 laicis
876 2486 931 2537 in
968 2485 1285 2538 beneficium
1325 2486 1507 2539 datam
1547 2504 1660 2538 esse
1699 2487 1874 2555 refert.
1951 2485 2190 2555 Sepultus

303 2579 471 2622 tamen
509 2580 578 2622 est
617 2590 664 2621 a.
700 2573 818 2624 915.
866 2572 922 2622 in
960 2573 1270 2624 monasterio
1310 2571 1362 2625 S.
1396 2572 1689 2624 Maoeimivni
1734 2572 2055 2636 Treverensi,
2100 2570 2190 2622 ubi

308 2655 445 2724 lapis
483 2675 595 2706 eum
633 2656 712 2707 his
752 2658 1019 2726 inscriptis
1058 2658 1284 2710 versibus
1322 2677 1370 2709 a.
1410 2659 1561 2711 1581.
1602 2665 1833 2726 repertus
1870 2655 2004 2708 est3:

378 2783 767 2794 ........
809 2741 1045 2795 FESSA
1083 2742 1492 2796 REGINONIS
1534 2741 1906 2795 CONTINET
1947 2739 2142 2794 OSSA.

474 2825 713 2878 ABBAS
755 2825 1153 2880 EGREGIUS.
1217 2828 1602 2881 PRAEFUIT
1641 2826 1809 2879 IPSE
1847 2825 2030 2879 PIUS.

377 2909 1137 3061 COssggssssgssgONDAM
1163 2911 1576 2966 PRUMIENSI
1600 2910 1930 2964 MORIBUS
1955 2910 2183 2963 ALMIS

379 3104 2183 3120 ···································

1411 3196 1418 3205 .
1463 3196 1471 3205 .
1517 3195 1525 3204 .
1570 3151 1614 3206 Ο
1656 3151 2012 3205 DCCCOXV.

305 3262 345 3312 1)
379 3260 720 3317 ‘Forsehunyen
753 3277 789 3305 e.
814 3266 1069 3310 Deutschen
1095 3267 1370 3312 Gesehiehte’
1398 3267 1595 3319 XVIII,
1627 3266 1838 3310 362—68.
1965 3265 2008 3318 2)
2042 3265 2185 3310 Gesta

306 3331 517 3374 abbatum
555 3332 852 3386 Lobiensium,
892 3335 970 3378 SS.
995 3337 1082 3389 IV,
1115 3340 1183 3389 63,
1215 3352 1251 3382 c.
1280 3341 1343 3383 19.
1461 3336 1504 3388 3)
1537 3336 1835 3388 Eekhamen,
1877 3335 2072 3380 Clzronik
2102 3350 2187 3380 von
2193 3354 2281 3407 ἐχ

306 3402 368 3445 St.
394 3402 638 3444 Maximin'
678 3404 814 3450 (liber
846 3419 983 3447 manu
1014 3408 1232 3460 scriptus)
1242 3425 1255 3462 5
1302 3410 1404 3452 inde
1435 3406 1699 3451 ‘Trierisehe
1731 3405 1945 3449 Chronik’
1989 3407 2039 3459 V,
2074 3420 2122 3462 p.
2147 3407 2189 3461 7,

306 3472 518 3514 Erme'sch
549 3472 574 3513 Ζ.
601 3473 625 3514 I.
658 3474 697 3514 8.
