<?xml version="1.0" encoding="UTF-8"?>
<!DOCTYPE html PUBLIC "-//W3C//DTD XHTML 1.0 Transitional//EN"
    "http://www.w3.org/TR/xhtml1/DTD/xhtml1-transitional.dtd">
<html xmlns="http://www.w3.org/1999/xhtml" xml:lang="en" lang="en">
 <head>
  <title>
</title>
<meta http-equiv="Content-Type" content="text/html;charset=utf-8" />
  <meta name='ocr-system' content='tesseract 3.04.00' />
  <meta name='ocr-capabilities' content='ocr_page ocr_carea ocr_par ocr_line ocrx_word'/>
</head>
<body>
  <div class='ocr_page' id='page_1' title='image "./reginonisabbatis00regiuoft_0056.png"; bbox 0 0 2491 3724; ppageno 0'>
   <div class='ocr_carea' id='block_1_1' title="bbox 96 370 345 408">
    <p class='ocr_par' dir='ltr' id='par_1_1' title="bbox 96 370 345 408">
     <span class='ocr_line' id='line_1_1' title="bbox 96 370 345 408; baseline -0.008 -5"><span class='ocrx_word' id='word_1_1' title='bbox 96 374 137 403; x_wconf 91' lang='lat' dir='ltr'>P.</span> <span class='ocrx_word' id='word_1_2' title='bbox 159 372 205 403; x_wconf 89' lang='lat' dir='ltr'>D.</span> <span class='ocrx_word' id='word_1_3' title='bbox 224 370 269 408; x_wconf 82' lang='lat' dir='ltr'>V,</span> <span class='ocrx_word' id='word_1_4' title='bbox 291 370 345 402; x_wconf 88' lang='lat'>33.</span> 
     </span>
    </p>
   </div>
   <div class='ocr_carea' id='block_1_2' title="bbox 149 595 341 636">
    <p class='ocr_par' dir='ltr' id='par_1_2' title="bbox 149 595 341 636">
     <span class='ocr_line' id='line_1_2' title="bbox 149 595 341 636; baseline -0.01 -8"><span class='ocrx_word' id='word_1_5' title='bbox 149 598 197 628; x_wconf 86' lang='lat' dir='ltr'>ib.</span> <span class='ocrx_word' id='word_1_6' title='bbox 223 597 265 636; x_wconf 78' lang='lat' dir='ltr'>v,</span> <span class='ocrx_word' id='word_1_7' title='bbox 289 595 341 628; x_wconf 84' lang='lat'>35.</span> 
     </span>
    </p>
   </div>
   <div class='ocr_carea' id='block_1_3' title="bbox 116 821 345 966">
    <p class='ocr_par' dir='ltr' id='par_1_3' title="bbox 116 821 345 966">
     <span class='ocr_line' id='line_1_3' title="bbox 116 821 345 860; baseline -0.017 -5"><span class='ocrx_word' id='word_1_8' title='bbox 116 823 158 855; x_wconf 82' lang='lat' dir='ltr'>G.</span> <span class='ocrx_word' id='word_1_9' title='bbox 177 823 271 860; x_wconf 80' lang='lat' dir='ltr'>Dag.</span> <span class='ocrx_word' id='word_1_10' title='bbox 290 821 345 852; x_wconf 75' lang='lat'><strong>27.</strong></span> 
     </span>
     <span class='ocr_line' id='line_1_4' title="bbox 216 878 343 910; baseline -0.024 0"><span class='ocrx_word' id='word_1_11' title='bbox 216 880 263 910; x_wconf 89' lang='lat' dir='ltr'>ib.</span> <span class='ocrx_word' id='word_1_12' title='bbox 290 878 343 909; x_wconf 84' lang='lat'><strong>36.</strong></span> 
     </span>
     <span class='ocr_line' id='line_1_5' title="bbox 216 935 343 966; baseline -0.016 0"><span class='ocrx_word' id='word_1_13' title='bbox 216 936 266 966; x_wconf 90' lang='lat' dir='ltr'>ib.</span> <span class='ocrx_word' id='word_1_14' title='bbox 291 935 343 965; x_wconf 87' lang='grc'>28.</span> 
     </span>
    </p>
   </div>
   <div class='ocr_carea' id='block_1_4' title="bbox 218 1274 347 1306">
    <p class='ocr_par' dir='ltr' id='par_1_4' title="bbox 218 1274 347 1306">
     <span class='ocr_line' id='line_1_6' title="bbox 218 1274 347 1306; baseline -0.016 0"><span class='ocrx_word' id='word_1_15' title='bbox 218 1276 267 1306; x_wconf 90' lang='lat' dir='ltr'>ib.</span> <span class='ocrx_word' id='word_1_16' title='bbox 293 1274 347 1305; x_wconf 81' lang='lat'><strong>29.</strong></span> 
     </span>
    </p>
   </div>
   <div class='ocr_carea' id='block_1_5' title="bbox 76 1784 344 1881">
    <p class='ocr_par' dir='ltr' id='par_1_5' title="bbox 76 1784 344 1881">
     <span class='ocr_line' id='line_1_7' title="bbox 234 1784 343 1816; baseline -0.009 0"><span class='ocrx_word' id='word_1_17' title='bbox 234 1784 343 1816; x_wconf 85' lang='lat' dir='ltr'>Beda.</span> 
     </span>
     <span class='ocr_line' id='line_1_8' title="bbox 76 1842 344 1881; baseline -0.019 -6"><span class='ocrx_word' id='word_1_18' title='bbox 76 1845 116 1875; x_wconf 89' lang='lat' dir='ltr'>P.</span> <span class='ocrx_word' id='word_1_19' title='bbox 138 1843 183 1874; x_wconf 89' lang='lat' dir='ltr'>D.</span> <span class='ocrx_word' id='word_1_20' title='bbox 203 1842 267 1881; x_wconf 86' lang='lat' dir='ltr'>VI,</span> <span class='ocrx_word' id='word_1_21' title='bbox 292 1842 344 1872; x_wconf 84' lang='lat'><strong>10.</strong></span> 
     </span>
    </p>
   </div>
   <div class='ocr_carea' id='block_1_6' title="bbox 122 2016 351 2061">
    <p class='ocr_par' dir='ltr' id='par_1_6' title="bbox 122 2016 351 2061">
     <span class='ocr_line' id='line_1_9' title="bbox 122 2016 351 2061; baseline -0.022 -9"><span class='ocrx_word' id='word_1_22' title='bbox 122 2020 200 2061; x_wconf 77' lang='lat'>(685</span> <span class='ocrx_word' id='word_1_23' title='bbox 210 2036 248 2043; x_wconf 89' lang='lat'>-</span> <span class='ocrx_word' id='word_1_24' title='bbox 260 2016 351 2057; x_wconf 75' lang='lat'>695).</span> 
     </span>
    </p>
   </div>
   <div class='ocr_carea' id='block_1_7' title="bbox 233 2104 344 2135">
    <p class='ocr_par' dir='ltr' id='par_1_7' title="bbox 233 2104 344 2135">
     <span class='ocr_line' id='line_1_10' title="bbox 233 2104 344 2135; baseline -0.018 0"><span class='ocrx_word' id='word_1_25' title='bbox 233 2104 344 2135; x_wconf 83' lang='lat' dir='ltr'>Beda.</span> 
     </span>
    </p>
   </div>
   <div class='ocr_carea' id='block_1_8' title="bbox 87 2168 355 2264">
    <p class='ocr_par' dir='ltr' id='par_1_8' title="bbox 87 2168 355 2264">
     <span class='ocr_line' id='line_1_11' title="bbox 185 2168 346 2206; baseline -0.012 -6"><span class='ocrx_word' id='word_1_26' title='bbox 185 2168 229 2200; x_wconf 85' lang='lat' dir='ltr'>G.</span> <span class='ocrx_word' id='word_1_27' title='bbox 247 2177 282 2206; x_wconf 89' lang='lat' dir='ltr'>p.</span> <span class='ocrx_word' id='word_1_28' title='bbox 302 2168 346 2198; x_wconf 81' lang='lat' dir='ltr'>R.</span> 
     </span>
     <span class='ocr_line' id='line_1_12' title="bbox 87 2224 355 2264; baseline -0.011 -7"><span class='ocrx_word' id='word_1_29' title='bbox 87 2228 128 2257; x_wconf 91' lang='lat' dir='ltr'>P.</span> <span class='ocrx_word' id='word_1_30' title='bbox 151 2226 198 2257; x_wconf 87' lang='lat' dir='ltr'>D.</span> <span class='ocrx_word' id='word_1_31' title='bbox 215 2224 278 2264; x_wconf 88' lang='lat' dir='ltr'>VI,</span> <span class='ocrx_word' id='word_1_32' title='bbox 303 2226 355 2255; x_wconf 86' lang='lat'><strong>11.</strong></span> 
     </span>
    </p>
   </div>
   <div class='ocr_carea' id='block_1_9' title="bbox 150 2566 348 2662">
    <p class='ocr_par' dir='ltr' id='par_1_9' title="bbox 150 2566 348 2662">
     <span class='ocr_line' id='line_1_13' title="bbox 150 2566 347 2605; baseline -0.005 -8"><span class='ocrx_word' id='word_1_33' title='bbox 150 2567 199 2598; x_wconf 90' lang='lat' dir='ltr'>ib.</span> <span class='ocrx_word' id='word_1_34' title='bbox 226 2566 267 2605; x_wconf 89' lang='lat' dir='ltr'>v,</span> <span class='ocrx_word' id='word_1_35' title='bbox 294 2566 347 2596; x_wconf 77' lang='lat'>36.</span> 
     </span>
     <span class='ocr_line' id='line_1_14' title="bbox 152 2623 348 2662; baseline -0.01 -8"><span class='ocrx_word' id='word_1_36' title='bbox 152 2624 201 2654; x_wconf 82' lang='lat' dir='ltr'>ib.</span> <span class='ocrx_word' id='word_1_37' title='bbox 227 2623 268 2662; x_wconf 80' lang='lat' dir='ltr'>v,</span> <span class='ocrx_word' id='word_1_38' title='bbox 296 2623 348 2653; x_wconf 60' lang='lat'><strong>35.</strong></span> 
     </span>
    </p>
   </div>
   <div class='ocr_carea' id='block_1_10' title="bbox 153 2736 348 2777">
    <p class='ocr_par' dir='ltr' id='par_1_10' title="bbox 153 2736 348 2777">
     <span class='ocr_line' id='line_1_15' title="bbox 153 2736 348 2777; baseline -0.005 -10"><span class='ocrx_word' id='word_1_39' title='bbox 153 2738 201 2768; x_wconf 86' lang='lat' dir='ltr'>ib.</span> <span class='ocrx_word' id='word_1_40' title='bbox 229 2736 273 2777; x_wconf 86' lang='lat' dir='ltr'>v,</span> <span class='ocrx_word' id='word_1_41' title='bbox 295 2738 348 2766; x_wconf 83' lang='lat'><strong>41.</strong></span> 
     </span>
    </p>
   </div>
   <div class='ocr_carea' id='block_1_11' title="bbox 367 163 1866 214">
    <p class='ocr_par' dir='ltr' id='par_1_11' title="bbox 367 163 1866 214">
     <span class='ocr_line' id='line_1_16' title="bbox 367 163 1866 214; baseline -0.003 -1"><span class='ocrx_word' id='word_1_42' title='bbox 367 171 422 214; x_wconf 78' lang='lat'>32</span> <span class='ocrx_word' id='word_1_43' title='bbox 747 166 1078 212; x_wconf 81' lang='lat' dir='ltr'>REGINONIS</span> <span class='ocrx_word' id='word_1_44' title='bbox 1111 163 1476 210; x_wconf 86' lang='lat' dir='ltr'>CHRONICON.</span> <span class='ocrx_word' id='word_1_45' title='bbox 1535 165 1589 209; x_wconf 94' lang='lat' dir='ltr'><strong>A.</strong></span> <span class='ocrx_word' id='word_1_46' title='bbox 1614 168 1866 211; x_wconf 82' lang='grc'><strong>612-631.</strong></span> 
     </span>
    </p>
   </div>
   <div class='ocr_carea' id='block_1_12' title="bbox 366 292 2265 749">
    <p class='ocr_par' dir='ltr' id='par_1_12' title="bbox 366 292 2263 689">
     <span class='ocr_line' id='line_1_17' title="bbox 370 292 2260 348; baseline -0.002 -8"><span class='ocrx_word' id='word_1_47' title='bbox 370 298 560 348; x_wconf 82' lang='lat' dir='ltr'>visset,</span> <span class='ocrx_word' id='word_1_48' title='bbox 600 299 844 339; x_wconf 91' lang='lat' dir='ltr'>metuens</span> <span class='ocrx_word' id='word_1_49' title='bbox 883 292 1241 343; x_wconf 84' lang='lat' dir='ltr'>Grimaldum,</span> <span class='ocrx_word' id='word_1_50' title='bbox 1284 305 1483 346; x_wconf 87' lang='lat' dir='ltr'>egressus</span> <span class='ocrx_word' id='word_1_51' title='bbox 1517 306 1541 334; x_wconf 91' lang='lat' dir='ltr'>a</span> <span class='ocrx_word' id='word_1_52' title='bbox 1575 292 1724 336; x_wconf 84' lang='lat' dir='ltr'>Gallia</span> <span class='ocrx_word' id='word_1_53' title='bbox 1763 293 1819 336; x_wconf 91' lang='lat' dir='ltr'>ad</span> <span class='ocrx_word' id='word_1_54' title='bbox 1850 293 2157 337; x_wconf 71' lang='lat' dir='ltr'>Brittanniam</span> <span class='ocrx_word' id='word_1_55' title='bbox 2195 292 2260 336; x_wconf 91' lang='lat' dir='ltr'>in-</span> 
     </span>
     <span class='ocr_line' id='line_1_18' title="bbox 371 347 2262 407; baseline -0.002 -10"><span class='ocrx_word' id='word_1_56' title='bbox 371 355 515 397; x_wconf 88' lang='lat' dir='ltr'>sulam</span> <span class='ocrx_word' id='word_1_57' title='bbox 553 366 787 407; x_wconf 86' lang='lat' dir='ltr'>properare</span> <span class='ocrx_word' id='word_1_58' title='bbox 826 351 1118 405; x_wconf 76' lang='lat' dir='ltr'>disponita·*.</span> <span class='ocrx_word' id='word_1_59' title='bbox 1185 349 1410 391; x_wconf 82' lang='lat' dir='ltr'>Interea</span> <span class='ocrx_word' id='word_1_60' title='bbox 1443 347 1755 391; x_wconf 85' lang='lat' dir='ltr'>Grimaldus</span> <span class='ocrx_word' id='word_1_61' title='bbox 1786 351 2035 401; x_wconf 80' lang='lat' dir='ltr'>moritur,</span> <span class='ocrx_word' id='word_1_62' title='bbox 2077 363 2262 406; x_wconf 86' lang='lat' dir='ltr'>cumque-</span> 
     </span>
     <span class='ocr_line' id='line_1_19' title="bbox 366 405 2263 462; baseline -0.003 -8"><span class='ocrx_word' id='word_1_63' title='bbox 366 413 459 455; x_wconf 91' lang='lat' dir='ltr'>iam</span> <span class='ocrx_word' id='word_1_64' title='bbox 490 410 776 453; x_wconf 89' lang='lat' dir='ltr'>Bertarius</span> <span class='ocrx_word' id='word_1_65' title='bbox 807 408 984 451; x_wconf 76' lang='lat' dir='ltr'>navim</span> <span class='ocrx_word' id='word_1_66' title='bbox 1016 408 1297 460; x_wconf 86' lang='lat' dir='ltr'>ingressus</span> <span class='ocrx_word' id='word_1_67' title='bbox 1330 405 1612 460; x_wconf 88' lang='lat' dir='ltr'>aliquantum</span> <span class='ocrx_word' id='word_1_68' title='bbox 1642 406 1751 459; x_wconf 89' lang='lat' dir='ltr'>perb</span> <span class='ocrx_word' id='word_1_69' title='bbox 1781 407 1966 461; x_wconf 89' lang='lat' dir='ltr'>pelagus</span> <span class='ocrx_word' id='word_1_70' title='bbox 1990 408 2263 462; x_wconf 86' lang='lat' dir='ltr'>navigasset,</span> 
     </span>
     <span class='ocr_line' id='line_1_20' title="bbox 367 461 2261 519; baseline -0.003 -8"><span class='ocrx_word' id='word_1_71' title='bbox 367 482 447 511; x_wconf 74' lang='lat' dir='ltr'>vox</span> <span class='ocrx_word' id='word_1_72' title='bbox 487 482 512 510; x_wconf 91' lang='lat' dir='ltr'>a</span> <span class='ocrx_word' id='word_1_73' title='bbox 543 467 674 509; x_wconf 87' lang='lat' dir='ltr'>litore</span> <span class='ocrx_word' id='word_1_74' title='bbox 707 464 861 509; x_wconf 89' lang='lat' dir='ltr'>audita</span> <span class='ocrx_word' id='word_1_75' title='bbox 894 467 980 507; x_wconf 87' lang='lat' dir='ltr'>est:</span> <span class='ocrx_word' id='word_1_76' title='bbox 1022 463 1303 506; x_wconf 83' lang='lat' dir='ltr'>‘Revertatur</span> <span class='ocrx_word' id='word_1_77' title='bbox 1334 461 1622 505; x_wconf 88' lang='lat' dir='ltr'>Bertarius</span> <span class='ocrx_word' id='word_1_78' title='bbox 1654 463 1700 505; x_wconf 88' lang='lat' dir='ltr'>in</span> <span class='ocrx_word' id='word_1_79' title='bbox 1737 463 1934 516; x_wconf 85' lang='lat' dir='ltr'>patriam</span> <span class='ocrx_word' id='word_1_80' title='bbox 1972 477 2116 515; x_wconf 90' lang='lat' dir='ltr'>suam,</span> <span class='ocrx_word' id='word_1_81' title='bbox 2157 464 2261 519; x_wconf 88' lang='lat' dir='ltr'>quia</span> 
     </span>
     <span class='ocr_line' id='line_1_21' title="bbox 366 518 2262 576; baseline -0.003 -8"><span class='ocrx_word' id='word_1_82' title='bbox 366 524 527 568; x_wconf 88' lang='lat' dir='ltr'>tertius</span> <span class='ocrx_word' id='word_1_83' title='bbox 559 523 650 566; x_wconf 91' lang='lat' dir='ltr'>dies</span> <span class='ocrx_word' id='word_1_84' title='bbox 684 525 750 565; x_wconf 88' lang='lat' dir='ltr'>est</span> <span class='ocrx_word' id='word_1_85' title='bbox 775 521 918 572; x_wconf 88' lang='lat' dir='ltr'>hodie,</span> <span class='ocrx_word' id='word_1_86' title='bbox 952 520 1095 576; x_wconf 79' lang='lat' dir='ltr'>quode</span> <span class='ocrx_word' id='word_1_87' title='bbox 1122 518 1377 563; x_wconf 84' lang='lat' dir='ltr'>Grimaldus</span> <span class='ocrx_word' id='word_1_88' title='bbox 1402 518 1523 561; x_wconf 78' lang='lat' dir='ltr'>rexd</span> <span class='ocrx_word' id='word_1_89' title='bbox 1545 522 1786 562; x_wconf 89' lang='lat' dir='ltr'>mortuus</span> <span class='ocrx_word' id='word_1_90' title='bbox 1812 519 1920 561; x_wconf 85' lang='lat' dir='ltr'>est.&#39;</span> <span class='ocrx_word' id='word_1_91' title='bbox 1982 518 2082 571; x_wconf 80' lang='lat' dir='ltr'>Qui</span> <span class='ocrx_word' id='word_1_92' title='bbox 2105 521 2262 564; x_wconf 88' lang='lat' dir='ltr'>statim</span> 
     </span>
     <span class='ocr_line' id='line_1_22' title="bbox 369 574 2257 634; baseline -0.003 -10"><span class='ocrx_word' id='word_1_93' title='bbox 369 594 566 624; x_wconf 84' lang='lat' dir='ltr'>reversus</span> <span class='ocrx_word' id='word_1_94' title='bbox 609 592 832 634; x_wconf 91' lang='lat' dir='ltr'>regnum</span> <span class='ocrx_word' id='word_1_95' title='bbox 879 576 1277 633; x_wconf 75' lang='lat' dir='ltr'>Langobardorum</span> <span class='ocrx_word' id='word_1_96' title='bbox 1323 575 1567 630; x_wconf 73' lang='lat' dir='ltr'>optinuit</span> <span class='ocrx_word' id='word_1_97' title='bbox 1616 578 1775 631; x_wconf 90' lang='lat' dir='ltr'>atque</span> <span class='ocrx_word' id='word_1_98' title='bbox 1817 574 2257 620; x_wconf 51' lang='lat' dir='ltr'>Cunichbercumest</span> 
     </span>
     <span class='ocr_line' id='line_1_23' title="bbox 367 632 1317 689; baseline -0.005 -9"><span class='ocrx_word' id='word_1_99' title='bbox 367 639 510 681; x_wconf 88' lang='lat' dir='ltr'>filium</span> <span class='ocrx_word' id='word_1_100' title='bbox 541 650 669 679; x_wconf 90' lang='lat' dir='ltr'>suum</span> <span class='ocrx_word' id='word_1_101' title='bbox 699 637 945 678; x_wconf 81' lang='lat' dir='ltr'>consortem</span> <span class='ocrx_word' id='word_1_102' title='bbox 976 634 1125 689; x_wconf 87' lang='lat' dir='ltr'>regni</span> <span class='ocrx_word' id='word_1_103' title='bbox 1163 632 1317 676; x_wconf 82' lang='lat' dir='ltr'>facit.</span> 
     </span>
    </p>

    <p class='ocr_par' dir='ltr' id='par_1_13' title="bbox 513 688 2265 749">
     <span class='ocr_line' id='line_1_24' title="bbox 513 688 2265 749; baseline -0.002 -13"><span class='ocrx_word' id='word_1_104' title='bbox 513 692 765 749; x_wconf 78' lang='lat' dir='ltr'>Agathone</span> <span class='ocrx_word' id='word_1_105' title='bbox 803 705 943 746; x_wconf 88' lang='lat' dir='ltr'>papa</span> <span class='ocrx_word' id='word_1_106' title='bbox 981 689 1276 734; x_wconf 80' lang='lat' dir='ltr'>decedente</span> <span class='ocrx_word' id='word_1_107' title='bbox 1307 689 1395 733; x_wconf 91' lang='lat' dir='ltr'>Leo</span> <span class='ocrx_word' id='word_1_108' title='bbox 1426 689 1609 733; x_wconf 89' lang='lat' dir='ltr'>iunior</span> <span class='ocrx_word' id='word_1_109' title='bbox 1639 689 1813 733; x_wconf 91' lang='lat' dir='ltr'>locum</span> <span class='ocrx_word' id='word_1_110' title='bbox 1846 689 1960 732; x_wconf 88' lang='lat' dir='ltr'>eius</span> <span class='ocrx_word' id='word_1_111' title='bbox 1992 688 2265 739; x_wconf 86' lang='lat' dir='ltr'>obtinuit;</span> 
     </span>
    </p>
   </div>
   <div class='ocr_carea' id='block_1_13' title="bbox 335 732 1297 806">
    <p class='ocr_par' dir='ltr' id='par_1_14' title="bbox 335 732 1297 806">
     <span class='ocr_line' id='line_1_25' title="bbox 335 732 1297 806; baseline -0.005 -12"><span class='ocrx_word' id='word_1_112' title='bbox 335 732 340 738; x_wconf 35' lang='lat'><em>¹</em></span> <span class='ocrx_word' id='word_1_113' title='bbox 367 753 490 806; x_wconf 89' lang='lat' dir='ltr'>post</span> <span class='ocrx_word' id='word_1_114' title='bbox 521 750 657 792; x_wconf 89' lang='lat' dir='ltr'>hunc</span> <span class='ocrx_word' id='word_1_115' title='bbox 694 749 958 791; x_wconf 80' lang='lat' dir='ltr'>Benedictus</span> <span class='ocrx_word' id='word_1_116' title='bbox 991 747 1297 791; x_wconf 90' lang='lat' dir='ltr'>ordinatur.</span> 
     </span>
    </p>
   </div>
   <div class='ocr_carea' id='block_1_14' title="bbox 365 801 2267 1941">
    <p class='ocr_par' dir='ltr' id='par_1_15' title="bbox 368 801 2264 1248">
     <span class='ocr_line' id='line_1_26' title="bbox 512 801 2262 862; baseline -0.002 -13"><span class='ocrx_word' id='word_1_117' title='bbox 512 806 794 862; x_wconf 88' lang='lat' dir='ltr'>Dagobertus</span> <span class='ocrx_word' id='word_1_118' title='bbox 854 819 943 848; x_wconf 89' lang='lat' dir='ltr'>rex</span> <span class='ocrx_word' id='word_1_119' title='bbox 1003 818 1117 847; x_wconf 91' lang='lat' dir='ltr'>cum</span> <span class='ocrx_word' id='word_1_120' title='bbox 1177 803 1345 846; x_wconf 73' lang='lat' dir='ltr'>Sclavis</span> <span class='ocrx_word' id='word_1_121' title='bbox 1407 801 1664 846; x_wconf 82' lang='lat' dir='ltr'>conflixit</span> <span class='ocrx_word' id='word_1_122' title='bbox 1717 816 1910 859; x_wconf 90' lang='lat' dir='ltr'>eosque</span> <span class='ocrx_word' id='word_1_123' title='bbox 1968 802 2262 857; x_wconf 83' lang='lat' dir='ltr'>superavit,</span> 
     </span>
     <span class='ocr_line' id='line_1_27' title="bbox 371 858 2263 920; baseline -0.002 -14"><span class='ocrx_word' id='word_1_124' title='bbox 371 863 565 920; x_wconf 88' lang='lat' dir='ltr'>quibus</span> <span class='ocrx_word' id='word_1_125' title='bbox 605 864 824 917; x_wconf 85' lang='lat' dir='ltr'>preerat</span> <span class='ocrx_word' id='word_1_126' title='bbox 861 861 1015 904; x_wconf 84' lang='lat' dir='ltr'>tuncf</span> <span class='ocrx_word' id='word_1_127' title='bbox 1051 861 1152 903; x_wconf 85' lang='lat' dir='ltr'>dux</span> <span class='ocrx_word' id='word_1_128' title='bbox 1192 861 1403 903; x_wconf 89' lang='lat' dir='ltr'>nomine</span> <span class='ocrx_word' id='word_1_129' title='bbox 1443 859 1587 903; x_wconf 87' lang='lat' dir='ltr'>Samo.</span> <span class='ocrx_word' id='word_1_130' title='bbox 1656 860 1891 903; x_wconf 86' lang='lat' dir='ltr'>Wascones</span> <span class='ocrx_word' id='word_1_131' title='bbox 1924 861 2090 903; x_wconf 92' lang='lat' dir='ltr'>etiam</span> <span class='ocrx_word' id='word_1_132' title='bbox 2120 858 2263 902; x_wconf 89' lang='lat' dir='ltr'>rebel-</span> 
     </span>
     <span class='ocr_line' id='line_1_28' title="bbox 369 915 2264 972; baseline -0.002 -9"><span class='ocrx_word' id='word_1_133' title='bbox 369 921 560 963; x_wconf 77' lang='lat' dir='ltr'>lantesg</span> <span class='ocrx_word' id='word_1_134' title='bbox 606 919 750 962; x_wconf 84' lang='lat' dir='ltr'>ferro</span> <span class='ocrx_word' id='word_1_135' title='bbox 797 918 1127 972; x_wconf 85' lang='lat' dir='ltr'>conpescuit.</span> <span class='ocrx_word' id='word_1_136' title='bbox 1202 917 1332 959; x_wconf 89' lang='lat' dir='ltr'>Huni</span> <span class='ocrx_word' id='word_1_137' title='bbox 1382 919 1433 959; x_wconf 89' lang='lat' dir='ltr'>et</span> <span class='ocrx_word' id='word_1_138' title='bbox 1470 915 1796 970; x_wconf 78' lang='lat' dir='ltr'>Vulgaresh-2</span> <span class='ocrx_word' id='word_1_139' title='bbox 1841 917 1961 960; x_wconf 72' lang='lat' dir='ltr'>inter</span> <span class='ocrx_word' id='word_1_140' title='bbox 1997 931 2043 960; x_wconf 92' lang='lat' dir='ltr'>se</span> <span class='ocrx_word' id='word_1_141' title='bbox 2085 916 2264 971; x_wconf 89' lang='lat' dir='ltr'>prelia</span> 
     </span>
     <span class='ocr_line' id='line_1_29' title="bbox 369 973 2264 1028; baseline -0.002 -8"><span class='ocrx_word' id='word_1_142' title='bbox 369 978 674 1020; x_wconf 85' lang='lat' dir='ltr'>conserunt.</span> <span class='ocrx_word' id='word_1_143' title='bbox 736 974 867 1017; x_wconf 92' lang='lat' dir='ltr'>Huni</span> <span class='ocrx_word' id='word_1_144' title='bbox 897 974 1139 1028; x_wconf 91' lang='lat' dir='ltr'>Vulgares</span> <span class='ocrx_word' id='word_1_145' title='bbox 1172 975 1404 1027; x_wconf 89' lang='lat' dir='ltr'>superant:</span> <span class='ocrx_word' id='word_1_146' title='bbox 1446 974 1522 1028; x_wconf 84' lang='lat' dir='ltr'>qui</span> <span class='ocrx_word' id='word_1_147' title='bbox 1554 973 1720 1016; x_wconf 88' lang='lat' dir='ltr'>devicti</span> <span class='ocrx_word' id='word_1_148' title='bbox 1759 976 1804 1016; x_wconf 89' lang='lat' dir='ltr'>et</span> <span class='ocrx_word' id='word_1_149' title='bbox 1842 973 1895 1017; x_wconf 91' lang='lat' dir='ltr'>de</span> <span class='ocrx_word' id='word_1_150' title='bbox 1929 974 2156 1018; x_wconf 90' lang='lat' dir='ltr'>Pannonia</span> <span class='ocrx_word' id='word_1_151' title='bbox 2196 986 2264 1016; x_wconf 91' lang='lat' dir='ltr'>ex-</span> 
     </span>
     <span class='ocr_line' id='line_1_30' title="bbox 368 1029 2263 1089; baseline -0.002 -13"><span class='ocrx_word' id='word_1_152' title='bbox 368 1033 487 1089; x_wconf 83' lang='lat' dir='ltr'>pulsi</span> <span class='ocrx_word' id='word_1_153' title='bbox 517 1046 675 1076; x_wconf 85' lang='lat' dir='ltr'>novem</span> <span class='ocrx_word' id='word_1_154' title='bbox 714 1032 841 1074; x_wconf 88' lang='lat' dir='ltr'>milia</span> <span class='ocrx_word' id='word_1_155' title='bbox 874 1044 970 1073; x_wconf 89' lang='lat' dir='ltr'>cum</span> <span class='ocrx_word' id='word_1_156' title='bbox 1002 1030 1210 1073; x_wconf 83' lang='lat' dir='ltr'>uxoribus</span> <span class='ocrx_word' id='word_1_157' title='bbox 1249 1033 1295 1072; x_wconf 92' lang='lat' dir='ltr'>et</span> <span class='ocrx_word' id='word_1_158' title='bbox 1325 1029 1480 1072; x_wconf 87' lang='lat' dir='ltr'>liberis</span> <span class='ocrx_word' id='word_1_159' title='bbox 1518 1043 1670 1085; x_wconf 90' lang='lat' dir='ltr'>regem</span> <span class='ocrx_word' id='word_1_160' title='bbox 1700 1030 2006 1085; x_wconf 88' lang='lat' dir='ltr'>Dagobertum</span> <span class='ocrx_word' id='word_1_161' title='bbox 2039 1033 2263 1085; x_wconf 88' lang='lat' dir='ltr'>expetunt,</span> 
     </span>
     <span class='ocr_line' id='line_1_31' title="bbox 369 1084 2264 1142; baseline -0.002 -9"><span class='ocrx_word' id='word_1_162' title='bbox 369 1096 538 1133; x_wconf 87' lang='lat' dir='ltr'>terram</span> <span class='ocrx_word' id='word_1_163' title='bbox 571 1089 627 1132; x_wconf 88' lang='lat' dir='ltr'>ad</span> <span class='ocrx_word' id='word_1_164' title='bbox 657 1087 926 1132; x_wconf 88' lang='lat' dir='ltr'>manendum</span> <span class='ocrx_word' id='word_1_165' title='bbox 958 1087 1261 1142; x_wconf 88' lang='lat' dir='ltr'>requirunt.</span> <span class='ocrx_word' id='word_1_166' title='bbox 1332 1084 1467 1138; x_wconf 85' lang='lat' dir='ltr'>Quos</span> <span class='ocrx_word' id='word_1_167' title='bbox 1500 1099 1574 1128; x_wconf 88' lang='lat' dir='ltr'>rex</span> <span class='ocrx_word' id='word_1_168' title='bbox 1606 1086 1662 1129; x_wconf 90' lang='lat' dir='ltr'>ad</span> <span class='ocrx_word' id='word_1_169' title='bbox 1691 1087 1979 1130; x_wconf 87' lang='lat' dir='ltr'>hiemandum</span> <span class='ocrx_word' id='word_1_170' title='bbox 2009 1088 2078 1131; x_wconf 87' lang='lat' dir='ltr'>ini</span> <span class='ocrx_word' id='word_1_171' title='bbox 2107 1087 2264 1131; x_wconf 89' lang='lat' dir='ltr'>Baioa-</span> 
     </span>
     <span class='ocr_line' id='line_1_32' title="bbox 370 1142 2264 1200; baseline -0.002 -10"><span class='ocrx_word' id='word_1_172' title='bbox 370 1148 483 1191; x_wconf 87' lang='lat' dir='ltr'>riam</span> <span class='ocrx_word' id='word_1_173' title='bbox 523 1147 718 1200; x_wconf 84' lang='lat' dir='ltr'>recipere</span> <span class='ocrx_word' id='word_1_174' title='bbox 756 1145 956 1199; x_wconf 87' lang='lat' dir='ltr'>precepit</span> <span class='ocrx_word' id='word_1_175' title='bbox 995 1144 1336 1200; x_wconf 86' lang='lat' dir='ltr'>dispersosque</span> <span class='ocrx_word' id='word_1_176' title='bbox 1375 1156 1454 1197; x_wconf 90' lang='lat' dir='ltr'>per</span> <span class='ocrx_word' id='word_1_177' title='bbox 1492 1142 1641 1187; x_wconf 91' lang='lat' dir='ltr'>domos</span> <span class='ocrx_word' id='word_1_178' title='bbox 1678 1157 1854 1187; x_wconf 91' lang='lat' dir='ltr'>omnes</span> <span class='ocrx_word' id='word_1_179' title='bbox 1885 1158 1974 1187; x_wconf 90' lang='lat' dir='ltr'>una</span> <span class='ocrx_word' id='word_1_180' title='bbox 2005 1146 2133 1187; x_wconf 90' lang='lat' dir='ltr'>nocte</span> <span class='ocrx_word' id='word_1_181' title='bbox 2165 1157 2264 1187; x_wconf 90' lang='lat' dir='ltr'>cum</span> 
     </span>
     <span class='ocr_line' id='line_1_33' title="bbox 372 1200 1442 1248; baseline -0.004 -2"><span class='ocrx_word' id='word_1_182' title='bbox 372 1203 703 1248; x_wconf 88' lang='lat' dir='ltr'>mulieribus</span> <span class='ocrx_word' id='word_1_183' title='bbox 739 1206 784 1245; x_wconf 91' lang='lat' dir='ltr'>et</span> <span class='ocrx_word' id='word_1_184' title='bbox 813 1202 968 1244; x_wconf 88' lang='lat' dir='ltr'>liberis</span> <span class='ocrx_word' id='word_1_185' title='bbox 1000 1201 1263 1244; x_wconf 87' lang='lat' dir='ltr'>interficere</span> <span class='ocrx_word' id='word_1_186' title='bbox 1294 1200 1442 1243; x_wconf 87' lang='lat' dir='ltr'>fecit.</span> 
     </span>
    </p>

    <p class='ocr_par' dir='ltr' id='par_1_16' title="bbox 365 1255 2267 1770">
     <span class='ocr_line' id='line_1_34' title="bbox 509 1255 2264 1312; baseline -0.002 -9"><span class='ocrx_word' id='word_1_187' title='bbox 509 1258 700 1303; x_wconf 85' lang='lat' dir='ltr'>Circak</span> <span class='ocrx_word' id='word_1_188' title='bbox 738 1259 867 1302; x_wconf 89' lang='lat' dir='ltr'>haec</span> <span class='ocrx_word' id='word_1_189' title='bbox 906 1262 1150 1312; x_wconf 86' lang='lat' dir='ltr'>tempora</span> <span class='ocrx_word' id='word_1_190' title='bbox 1187 1257 1395 1301; x_wconf 82' lang='lat' dir='ltr'>defuncto</span> <span class='ocrx_word' id='word_1_191' title='bbox 1428 1256 1638 1300; x_wconf 82' lang='lat' dir='ltr'>Sisebodo</span> <span class='ocrx_word' id='word_1_192' title='bbox 1676 1270 1781 1312; x_wconf 88' lang='lat' dir='ltr'>rege</span> <span class='ocrx_word' id='word_1_193' title='bbox 1812 1257 2113 1311; x_wconf 86' lang='lat' dir='ltr'>Hispaniae</span> <span class='ocrx_word' id='word_1_194' title='bbox 2151 1255 2264 1300; x_wconf 85' lang='lat' dir='ltr'>Sise-</span> 
     </span>
     <span class='ocr_line' id='line_1_35' title="bbox 367 1313 2264 1373; baseline -0.003 -12"><span class='ocrx_word' id='word_1_195' title='bbox 367 1317 538 1361; x_wconf 89' lang='lat' dir='ltr'>nandus</span> <span class='ocrx_word' id='word_1_196' title='bbox 571 1316 752 1373; x_wconf 89' lang='lat' dir='ltr'>quidam</span> <span class='ocrx_word' id='word_1_197' title='bbox 784 1330 834 1359; x_wconf 86' lang='lat' dir='ltr'>ex</span> <span class='ocrx_word' id='word_1_198' title='bbox 859 1315 1112 1370; x_wconf 89' lang='lat' dir='ltr'>proceribus</span> <span class='ocrx_word' id='word_1_199' title='bbox 1137 1314 1446 1369; x_wconf 90' lang='lat' dir='ltr'>Dagobertum</span> <span class='ocrx_word' id='word_1_200' title='bbox 1471 1327 1623 1369; x_wconf 89' lang='lat' dir='ltr'>regem</span> <span class='ocrx_word' id='word_1_201' title='bbox 1648 1314 1850 1368; x_wconf 88' lang='lat' dir='ltr'>expetiit,</span> <span class='ocrx_word' id='word_1_202' title='bbox 1881 1317 1933 1357; x_wconf 93' lang='lat' dir='ltr'>ut</span> <span class='ocrx_word' id='word_1_203' title='bbox 1964 1315 2005 1357; x_wconf 93' lang='lat' dir='ltr'>ei</span> <span class='ocrx_word' id='word_1_204' title='bbox 2037 1313 2264 1357; x_wconf 85' lang='lat' dir='ltr'>auxilium</span> 
     </span>
     <span class='ocr_line' id='line_1_36' title="bbox 367 1370 2267 1430; baseline -0.002 -13"><span class='ocrx_word' id='word_1_205' title='bbox 367 1375 558 1423; x_wconf 87' lang='lat' dir='ltr'>ferret,</span> <span class='ocrx_word' id='word_1_206' title='bbox 603 1374 841 1430; x_wconf 86' lang='lat' dir='ltr'>quatinus</span> <span class='ocrx_word' id='word_1_207' title='bbox 881 1385 1102 1427; x_wconf 91' lang='lat' dir='ltr'>regnum</span> <span class='ocrx_word' id='word_1_208' title='bbox 1142 1371 1444 1425; x_wconf 88' lang='lat' dir='ltr'>Hispaniae</span> <span class='ocrx_word' id='word_1_209' title='bbox 1483 1372 1737 1425; x_wconf 85' lang='lat' dir='ltr'>optinere</span> <span class='ocrx_word' id='word_1_210' title='bbox 1775 1373 1978 1426; x_wconf 90' lang='lat' dir='ltr'>posset;</span> <span class='ocrx_word' id='word_1_211' title='bbox 2030 1371 2077 1414; x_wconf 92' lang='lat' dir='ltr'>in</span> <span class='ocrx_word' id='word_1_212' title='bbox 2114 1370 2267 1413; x_wconf 87' lang='lat' dir='ltr'>huiusl</span> 
     </span>
     <span class='ocr_line' id='line_1_37' title="bbox 365 1428 2266 1484; baseline -0.002 -9"><span class='ocrx_word' id='word_1_213' title='bbox 365 1431 570 1475; x_wconf 89' lang='lat' dir='ltr'>beneficii</span> <span class='ocrx_word' id='word_1_214' title='bbox 600 1430 1007 1484; x_wconf 88' lang='lat' dir='ltr'>recompensatione</span> <span class='ocrx_word' id='word_1_215' title='bbox 1038 1429 1294 1472; x_wconf 90' lang='lat' dir='ltr'>missorium</span> <span class='ocrx_word' id='word_1_216' title='bbox 1325 1442 1507 1471; x_wconf 88' lang='lat' dir='ltr'>aureum</span> <span class='ocrx_word' id='word_1_217' title='bbox 1546 1429 1644 1483; x_wconf 91' lang='lat' dir='ltr'>regi</span> <span class='ocrx_word' id='word_1_218' title='bbox 1683 1428 1835 1472; x_wconf 82' lang='lat' dir='ltr'>darem</span> <span class='ocrx_word' id='word_1_219' title='bbox 1872 1428 2121 1482; x_wconf 85' lang='lat' dir='ltr'>promittit,</span> <span class='ocrx_word' id='word_1_220' title='bbox 2160 1441 2266 1482; x_wconf 91' lang='lat' dir='ltr'>pen-</span> 
     </span>
     <span class='ocr_line' id='line_1_38' title="bbox 365 1484 2264 1542; baseline -0.002 -11"><span class='ocrx_word' id='word_1_221' title='bbox 365 1491 574 1531; x_wconf 83' lang='lat' dir='ltr'>santemn</span> <span class='ocrx_word' id='word_1_222' title='bbox 605 1488 701 1531; x_wconf 87' lang='lat' dir='ltr'>auri</span> <span class='ocrx_word' id='word_1_223' title='bbox 732 1486 927 1540; x_wconf 91' lang='lat' dir='ltr'>pondera</span> <span class='ocrx_word' id='word_1_224' title='bbox 958 1486 1300 1542; x_wconf 79' lang='lat' dir='ltr'>quinquaginta.</span> <span class='ocrx_word' id='word_1_225' title='bbox 1370 1486 1462 1528; x_wconf 87' lang='lat' dir='ltr'>Rex</span> <span class='ocrx_word' id='word_1_226' title='bbox 1494 1486 1737 1529; x_wconf 82' lang='lat' dir='ltr'>exercitum</span> <span class='ocrx_word' id='word_1_227' title='bbox 1775 1485 1929 1528; x_wconf 89' lang='lat' dir='ltr'>misit</span> <span class='ocrx_word' id='word_1_228' title='bbox 1969 1499 2081 1528; x_wconf 90' lang='lat' dir='ltr'>cum</span> <span class='ocrx_word' id='word_1_229' title='bbox 2112 1484 2264 1528; x_wconf 90' lang='lat' dir='ltr'>Abun-</span> 
     </span>
     <span class='ocr_line' id='line_1_39' title="bbox 369 1541 2267 1598; baseline -0.002 -10"><span class='ocrx_word' id='word_1_230' title='bbox 369 1545 558 1588; x_wconf 89' lang='lat' dir='ltr'>danti00</span> <span class='ocrx_word' id='word_1_231' title='bbox 599 1549 644 1587; x_wconf 90' lang='lat' dir='ltr'>et</span> <span class='ocrx_word' id='word_1_232' title='bbox 674 1543 949 1587; x_wconf 78' lang='lat' dir='ltr'>Venerando</span> <span class='ocrx_word' id='word_1_233' title='bbox 988 1542 1200 1585; x_wconf 89' lang='lat' dir='ltr'>ducibus</span> <span class='ocrx_word' id='word_1_234' title='bbox 1239 1556 1571 1598; x_wconf 88' lang='lat' dir='ltr'>regnumque</span> <span class='ocrx_word' id='word_1_235' title='bbox 1603 1542 1814 1585; x_wconf 85' lang='lat' dir='ltr'>viribus</span> <span class='ocrx_word' id='word_1_236' title='bbox 1847 1543 2116 1586; x_wconf 88' lang='lat' dir='ltr'>Francorum</span> <span class='ocrx_word' id='word_1_237' title='bbox 2148 1541 2267 1585; x_wconf 84' lang='lat' dir='ltr'>Sise-</span> 
     </span>
     <span class='ocr_line' id='line_1_40' title="bbox 369 1598 2264 1655; baseline -0.001 -11"><span class='ocrx_word' id='word_1_238' title='bbox 369 1601 553 1645; x_wconf 86' lang='lat' dir='ltr'>nandus</span> <span class='ocrx_word' id='word_1_239' title='bbox 585 1601 843 1655; x_wconf 88' lang='lat' dir='ltr'>optinuit.</span> <span class='ocrx_word' id='word_1_240' title='bbox 904 1600 1171 1643; x_wconf 84' lang='lat' dir='ltr'>Missorium</span> <span class='ocrx_word' id='word_1_241' title='bbox 1204 1598 1364 1643; x_wconf 85' lang='lat' dir='ltr'>Gothis</span> <span class='ocrx_word' id='word_1_242' title='bbox 1398 1599 1913 1643; x_wconf 87' lang='lat' dir='ltr'>contradicentibus</span> <span class='ocrx_word' id='word_1_243' title='bbox 1952 1613 2054 1643; x_wconf 93' lang='lat' dir='ltr'>non</span> <span class='ocrx_word' id='word_1_244' title='bbox 2091 1602 2264 1642; x_wconf 89' lang='lat' dir='ltr'>trans-</span> 
     </span>
     <span class='ocr_line' id='line_1_41' title="bbox 368 1655 2265 1711; baseline -0.002 -9"><span class='ocrx_word' id='word_1_245' title='bbox 368 1659 541 1710; x_wconf 86' lang='lat' dir='ltr'>misit,</span> <span class='ocrx_word' id='word_1_246' title='bbox 585 1658 675 1701; x_wconf 91' lang='lat' dir='ltr'>sed</span> <span class='ocrx_word' id='word_1_247' title='bbox 708 1657 898 1701; x_wconf 87' lang='lat' dir='ltr'>ducenta</span> <span class='ocrx_word' id='word_1_248' title='bbox 929 1657 1057 1700; x_wconf 90' lang='lat' dir='ltr'>milia</span> <span class='ocrx_word' id='word_1_249' title='bbox 1087 1655 1262 1700; x_wconf 90' lang='lat' dir='ltr'>solidos</span> <span class='ocrx_word' id='word_1_250' title='bbox 1294 1670 1387 1710; x_wconf 89' lang='lat' dir='ltr'>pro</span> <span class='ocrx_word' id='word_1_251' title='bbox 1418 1656 1626 1699; x_wconf 86' lang='lat' dir='ltr'>missorio</span> <span class='ocrx_word' id='word_1_252' title='bbox 1659 1657 1778 1711; x_wconf 90' lang='lat' dir='ltr'>regi</span> <span class='ocrx_word' id='word_1_253' title='bbox 1808 1655 2122 1711; x_wconf 85' lang='lat' dir='ltr'>Dagoberto</span> <span class='ocrx_word' id='word_1_254' title='bbox 2151 1670 2265 1711; x_wconf 92' lang='lat' dir='ltr'>per-</span> 
     </span>
     <span class='ocr_line' id='line_1_42' title="bbox 368 1712 1765 1770; baseline -0.001 -12"><span class='ocrx_word' id='word_1_255' title='bbox 368 1716 557 1765; x_wconf 78' lang='lat' dir='ltr'>solvit3</span> <span class='ocrx_word' id='word_1_256' title='bbox 600 1714 735 1770; x_wconf 87' lang='lat' dir='ltr'>quod</span> <span class='ocrx_word' id='word_1_257' title='bbox 767 1716 1007 1769; x_wconf 86' lang='lat' dir='ltr'>argentum</span> <span class='ocrx_word' id='word_1_258' title='bbox 1039 1727 1113 1756; x_wconf 84' lang='lat' dir='ltr'>rex</span> <span class='ocrx_word' id='word_1_259' title='bbox 1144 1716 1296 1756; x_wconf 86' lang='lat' dir='ltr'>sancto</span> <span class='ocrx_word' id='word_1_260' title='bbox 1328 1713 1563 1757; x_wconf 77' lang='lat' dir='ltr'>Dionisiop</span> <span class='ocrx_word' id='word_1_261' title='bbox 1595 1712 1765 1757; x_wconf 84' lang='lat' dir='ltr'>dedit.</span> 
     </span>
    </p>

    <p class='ocr_par' dir='ltr' id='par_1_17' title="bbox 511 1769 2264 1825">
     <span class='ocr_line' id='line_1_43' title="bbox 511 1769 2264 1825; baseline -0.001 -11"><span class='ocrx_word' id='word_1_262' title='bbox 511 1769 909 1815; x_wconf 73' lang='lat' dir='ltr'>Hediltrudisq-3</span> <span class='ocrx_word' id='word_1_263' title='bbox 946 1771 1139 1825; x_wconf 88' lang='lat' dir='ltr'>regina</span> <span class='ocrx_word' id='word_1_264' title='bbox 1177 1772 1229 1812; x_wconf 90' lang='lat' dir='ltr'>et</span> <span class='ocrx_word' id='word_1_265' title='bbox 1259 1771 1386 1824; x_wconf 80' lang='lat' dir='ltr'>virgo</span> <span class='ocrx_word' id='word_1_266' title='bbox 1426 1769 1565 1824; x_wconf 88' lang='lat' dir='ltr'>apud</span> <span class='ocrx_word' id='word_1_267' title='bbox 1596 1769 1801 1825; x_wconf 87' lang='lat' dir='ltr'>Anglos</span> <span class='ocrx_word' id='word_1_268' title='bbox 1840 1770 1988 1813; x_wconf 90' lang='lat' dir='ltr'>clara</span> <span class='ocrx_word' id='word_1_269' title='bbox 2019 1769 2264 1813; x_wconf 89' lang='lat' dir='ltr'>habetur.</span> 
     </span>
    </p>

    <p class='ocr_par' dir='ltr' id='par_1_18' title="bbox 367 1826 2265 1941">
     <span class='ocr_line' id='line_1_44' title="bbox 515 1826 2265 1882; baseline -0.001 -10"><span class='ocrx_word' id='word_1_270' title='bbox 515 1828 633 1872; x_wconf 84' lang='lat' dir='ltr'>Gens</span> <span class='ocrx_word' id='word_1_271' title='bbox 666 1829 1007 1871; x_wconf 83' lang='lat' dir='ltr'>Sarracenorum</span> <span class='ocrx_word' id='word_1_272' title='bbox 1039 1840 1089 1869; x_wconf 87' lang='lat' dir='ltr'>ex</span> <span class='ocrx_word' id='word_1_273' title='bbox 1120 1826 1327 1882; x_wconf 86' lang='lat' dir='ltr'>Aegypto</span> <span class='ocrx_word' id='word_1_274' title='bbox 1358 1827 1405 1870; x_wconf 92' lang='lat' dir='ltr'>in</span> <span class='ocrx_word' id='word_1_275' title='bbox 1437 1826 1638 1869; x_wconf 82' lang='lat' dir='ltr'>Africam</span> <span class='ocrx_word' id='word_1_276' title='bbox 1670 1841 1768 1870; x_wconf 91' lang='lat' dir='ltr'>cum</span> <span class='ocrx_word' id='word_1_277' title='bbox 1803 1827 1944 1869; x_wconf 89' lang='lat' dir='ltr'>nimia</span> <span class='ocrx_word' id='word_1_278' title='bbox 1975 1826 2265 1870; x_wconf 89' lang='lat' dir='ltr'>multitudine</span> 
     </span>
     <span class='ocr_line' id='line_1_45' title="bbox 367 1882 2263 1941; baseline -0.001 -12"><span class='ocrx_word' id='word_1_279' title='bbox 367 1899 569 1941; x_wconf 83' lang='lat' dir='ltr'>pergens,</span> <span class='ocrx_word' id='word_1_280' title='bbox 603 1885 825 1928; x_wconf 87' lang='lat' dir='ltr'>obsessam</span> <span class='ocrx_word' id='word_1_281' title='bbox 849 1883 1141 1940; x_wconf 90' lang='lat' dir='ltr'>Cartaginem</span> <span class='ocrx_word' id='word_1_282' title='bbox 1173 1884 1292 1939; x_wconf 67' lang='lat' dir='ltr'>cepit</span> <span class='ocrx_word' id='word_1_283' title='bbox 1325 1886 1378 1927; x_wconf 88' lang='lat' dir='ltr'>et</span> <span class='ocrx_word' id='word_1_284' title='bbox 1409 1883 1650 1927; x_wconf 91' lang='lat' dir='ltr'>crudeliter</span> <span class='ocrx_word' id='word_1_285' title='bbox 1675 1883 2007 1938; x_wconf 89' lang='lat' dir='ltr'>depopulatam</span> <span class='ocrx_word' id='word_1_286' title='bbox 2039 1882 2096 1927; x_wconf 90' lang='lat' dir='ltr'>ad</span> <span class='ocrx_word' id='word_1_287' title='bbox 2120 1884 2263 1928; x_wconf 87' lang='lat' dir='ltr'>solum</span> 
     </span>
    </p>
   </div>
   <div class='ocr_carea' id='block_1_15' title="bbox 368 1943 1493 2054">
    <p class='ocr_par' dir='ltr' id='par_1_19' title="bbox 368 1943 1493 2054">
     <span class='ocr_line' id='line_1_46' title="bbox 368 1943 1493 2054; baseline -0.002 -69"><span class='ocrx_word' id='word_1_288' title='bbox 368 1957 505 1999; x_wconf 89' lang='lat' dir='ltr'>usque</span> <span class='ocrx_word' id='word_1_289' title='bbox 537 1943 802 1998; x_wconf 81' lang='lat' dir='ltr'>prostravit.</span> <span class='ocrx_word' id='word_1_290' title='bbox 1137 1993 1249 2053; x_wconf 74' lang='grc'>612</span> <span class='ocrx_word' id='word_1_291' title='bbox 1342 1993 1493 2054; x_wconf 69' lang='grc'>6314</span> 
     </span>
    </p>
   </div>
   <div class='ocr_carea' id='block_1_16' title="bbox 515 2080 2262 2147">
    <p class='ocr_par' dir='ltr' id='par_1_20' title="bbox 515 2080 2262 2147">
     <span class='ocr_line' id='line_1_47' title="bbox 515 2080 2262 2147; baseline 0.003 -13"><span class='ocrx_word' id='word_1_292' title='bbox 515 2085 666 2134; x_wconf 90' lang='lat' dir='ltr'>Anno</span> <span class='ocrx_word' id='word_1_293' title='bbox 706 2082 1006 2134; x_wconf 86' lang='lat' dir='ltr'>dominicae</span> <span class='ocrx_word' id='word_1_294' title='bbox 1045 2083 1434 2134; x_wconf 87' lang='lat' dir='ltr'>incarnationis</span> <span class='ocrx_word' id='word_1_295' title='bbox 1475 2080 1727 2134; x_wconf 82' lang='lat' dir='ltr'>DCXII.r</span> <span class='ocrx_word' id='word_1_296' title='bbox 1799 2096 2074 2139; x_wconf 82' lang='lat' dir='ltr'>Iustinianus</span> <span class='ocrx_word' id='word_1_297' title='bbox 2106 2096 2262 2147; x_wconf 85' lang='lat' dir='ltr'>minor,</span> 
     </span>
    </p>
   </div>
   <div class='ocr_carea' id='block_1_17' title="bbox 370 2152 2265 2836">
    <p class='ocr_par' dir='ltr' id='par_1_21' title="bbox 370 2152 2265 2550">
     <span class='ocr_line' id='line_1_48' title="bbox 372 2152 2262 2209; baseline -0.002 -10"><span class='ocrx_word' id='word_1_298' title='bbox 372 2156 490 2199; x_wconf 83' lang='lat' dir='ltr'>filius</span> <span class='ocrx_word' id='word_1_299' title='bbox 522 2154 826 2205; x_wconf 86' lang='lat' dir='ltr'>Constantini,</span> <span class='ocrx_word' id='word_1_300' title='bbox 875 2155 1132 2209; x_wconf 86' lang='lat' dir='ltr'>regnavit</span> <span class='ocrx_word' id='word_1_301' title='bbox 1174 2163 1336 2197; x_wconf 88' lang='lat' dir='ltr'>annosS</span> <span class='ocrx_word' id='word_1_302' title='bbox 1378 2155 1432 2197; x_wconf 89' lang='lat' dir='ltr'><strong>X.</strong></span> <span class='ocrx_word' id='word_1_303' title='bbox 1514 2153 1754 2204; x_wconf 89' lang='lat' dir='ltr'>Iohannes,</span> <span class='ocrx_word' id='word_1_304' title='bbox 1800 2152 1950 2197; x_wconf 91' lang='lat' dir='ltr'>Conon</span> <span class='ocrx_word' id='word_1_305' title='bbox 1995 2155 2047 2196; x_wconf 90' lang='lat' dir='ltr'>et</span> <span class='ocrx_word' id='word_1_306' title='bbox 2085 2152 2262 2209; x_wconf 87' lang='lat' dir='ltr'>Sergius</span> 
     </span>
     <span class='ocr_line' id='line_1_49' title="bbox 381 2209 2264 2266; baseline -0.002 -10"><span class='ocrx_word' id='word_1_307' title='bbox 381 2214 669 2256; x_wconf 84' lang='lat' dir='ltr'>Romanam</span> <span class='ocrx_word' id='word_1_308' title='bbox 700 2217 895 2266; x_wconf 86' lang='lat' dir='ltr'>regunt</span> <span class='ocrx_word' id='word_1_309' title='bbox 926 2210 1277 2254; x_wconf 62' lang='lat' dir='ltr'>ecclesiam*</span> <span class='ocrx_word' id='word_1_310' title='bbox 1345 2211 1692 2254; x_wconf 88' lang='lat' dir='ltr'>Iustinianus</span> <span class='ocrx_word' id='word_1_311' title='bbox 1724 2210 1924 2254; x_wconf 89' lang='lat' dir='ltr'>Africam</span> <span class='ocrx_word' id='word_1_312' title='bbox 1956 2224 1981 2252; x_wconf 92' lang='lat' dir='ltr'>a</span> <span class='ocrx_word' id='word_1_313' title='bbox 2012 2209 2264 2254; x_wconf 85' lang='lat' dir='ltr'>Sarracenis</span> 
     </span>
     <span class='ocr_line' id='line_1_50' title="bbox 373 2266 2265 2323; baseline -0.002 -10"><span class='ocrx_word' id='word_1_314' title='bbox 373 2270 563 2313; x_wconf 88' lang='lat' dir='ltr'>abstulit</span> <span class='ocrx_word' id='word_1_315' title='bbox 595 2272 640 2311; x_wconf 92' lang='lat' dir='ltr'>et</span> <span class='ocrx_word' id='word_1_316' title='bbox 673 2282 771 2310; x_wconf 88' lang='lat' dir='ltr'>cum</span> <span class='ocrx_word' id='word_1_317' title='bbox 804 2267 968 2311; x_wconf 89' lang='lat' dir='ltr'>eisdem</span> <span class='ocrx_word' id='word_1_318' title='bbox 1000 2282 1155 2322; x_wconf 86' lang='lat' dir='ltr'>pacem</span> <span class='ocrx_word' id='word_1_319' title='bbox 1185 2271 1305 2311; x_wconf 87' lang='lat' dir='ltr'>terra</span> <span class='ocrx_word' id='word_1_320' title='bbox 1338 2268 1539 2323; x_wconf 89' lang='lat' dir='ltr'>marique</span> <span class='ocrx_word' id='word_1_321' title='bbox 1570 2266 1692 2310; x_wconf 85' lang='lat' dir='ltr'>fecit.</span> <span class='ocrx_word' id='word_1_322' title='bbox 1759 2267 1844 2310; x_wconf 90' lang='lat' dir='ltr'>Hic</span> <span class='ocrx_word' id='word_1_323' title='bbox 1875 2267 2081 2322; x_wconf 83' lang='lat' dir='ltr'>Sergium</span> <span class='ocrx_word' id='word_1_324' title='bbox 2119 2268 2265 2322; x_wconf 91' lang='lat' dir='ltr'>ponti-</span> 
     </span>
     <span class='ocr_line' id='line_1_51' title="bbox 370 2324 2264 2382; baseline -0.001 -13"><span class='ocrx_word' id='word_1_325' title='bbox 370 2327 509 2376; x_wconf 88' lang='lat' dir='ltr'>ficem,</span> <span class='ocrx_word' id='word_1_326' title='bbox 544 2327 648 2382; x_wconf 88' lang='lat' dir='ltr'>quia</span> <span class='ocrx_word' id='word_1_327' title='bbox 671 2325 719 2368; x_wconf 95' lang='lat' dir='ltr'>in</span> <span class='ocrx_word' id='word_1_328' title='bbox 743 2327 910 2368; x_wconf 87' lang='lat' dir='ltr'>erroret</span> <span class='ocrx_word' id='word_1_329' title='bbox 940 2325 1064 2367; x_wconf 89' lang='lat' dir='ltr'>illius</span> <span class='ocrx_word' id='word_1_330' title='bbox 1096 2325 1253 2377; x_wconf 91' lang='lat' dir='ltr'>sinodi,</span> <span class='ocrx_word' id='word_1_331' title='bbox 1286 2338 1418 2380; x_wconf 89' lang='lat' dir='ltr'>quam</span> <span class='ocrx_word' id='word_1_332' title='bbox 1442 2324 1874 2379; x_wconf 88' lang='lat' dir='ltr'>Constantinopolim</span> <span class='ocrx_word' id='word_1_333' title='bbox 1905 2324 2085 2376; x_wconf 81' lang='lat' dir='ltr'>fecerat,</span> <span class='ocrx_word' id='word_1_334' title='bbox 2116 2325 2264 2368; x_wconf 84' lang='lat' dir='ltr'>favere</span> 
     </span>
     <span class='ocr_line' id='line_1_52' title="bbox 372 2380 2261 2436; baseline -0.002 -10"><span class='ocrx_word' id='word_1_335' title='bbox 372 2386 416 2426; x_wconf 92' lang='lat' dir='ltr'>et</span> <span class='ocrx_word' id='word_1_336' title='bbox 448 2383 721 2426; x_wconf 88' lang='lat' dir='ltr'>subscribere</span> <span class='ocrx_word' id='word_1_337' title='bbox 752 2381 915 2431; x_wconf 88' lang='lat' dir='ltr'>noluit,</span> <span class='ocrx_word' id='word_1_338' title='bbox 954 2382 1089 2425; x_wconf 88' lang='lat' dir='ltr'>misso</span> <span class='ocrx_word' id='word_1_339' title='bbox 1120 2382 1336 2426; x_wconf 87' lang='lat' dir='ltr'>Zacharia</span> <span class='ocrx_word' id='word_1_340' title='bbox 1366 2382 1692 2436; x_wconf 89' lang='lat' dir='ltr'>protospatario</span> <span class='ocrx_word' id='word_1_341' title='bbox 1723 2395 1800 2425; x_wconf 88' lang='lat' dir='ltr'>suo</span> <span class='ocrx_word' id='word_1_342' title='bbox 1831 2380 2261 2436; x_wconf 87' lang='lat' dir='ltr'>Constantinopolim</span> 
     </span>
     <span class='ocr_line' id='line_1_53' title="bbox 372 2438 2262 2495; baseline -0.001 -13"><span class='ocrx_word' id='word_1_343' title='bbox 372 2440 596 2495; x_wconf 84' lang='lat' dir='ltr'>deportari</span> <span class='ocrx_word' id='word_1_344' title='bbox 639 2439 788 2482; x_wconf 89' lang='lat' dir='ltr'>iussit:</span> <span class='ocrx_word' id='word_1_345' title='bbox 840 2438 917 2482; x_wconf 89' lang='lat' dir='ltr'>sed</span> <span class='ocrx_word' id='word_1_346' title='bbox 958 2438 1210 2482; x_wconf 89' lang='lat' dir='ltr'>militibus</span> <span class='ocrx_word' id='word_1_347' title='bbox 1253 2439 1694 2495; x_wconf 88' lang='lat' dir='ltr'>repugnantibus</span> <span class='ocrx_word' id='word_1_348' title='bbox 1736 2439 1855 2482; x_wconf 90' lang='lat' dir='ltr'>iussa</span> <span class='ocrx_word' id='word_1_349' title='bbox 1895 2439 2109 2493; x_wconf 88' lang='lat' dir='ltr'>principis</span> <span class='ocrx_word' id='word_1_350' title='bbox 2140 2452 2262 2493; x_wconf 88' lang='lat' dir='ltr'>per-</span> 
     </span>
     <span class='ocr_line' id='line_1_54' title="bbox 374 2496 906 2550; baseline -0.004 -10"><span class='ocrx_word' id='word_1_351' title='bbox 374 2497 544 2540; x_wconf 85' lang='lat' dir='ltr'>ficere</span> <span class='ocrx_word' id='word_1_352' title='bbox 576 2511 677 2540; x_wconf 90' lang='lat' dir='ltr'>non</span> <span class='ocrx_word' id='word_1_353' title='bbox 707 2496 906 2550; x_wconf 91' lang='lat' dir='ltr'>potuit.</span> 
     </span>
    </p>

    <p class='ocr_par' dir='ltr' id='par_1_22' title="bbox 374 2551 2264 2836">
     <span class='ocr_line' id='line_1_55' title="bbox 520 2551 2263 2608; baseline -0.001 -12"><span class='ocrx_word' id='word_1_354' title='bbox 520 2552 852 2607; x_wconf 80' lang='lat' dir='ltr'>Adalgisus5</span> <span class='ocrx_word' id='word_1_355' title='bbox 897 2555 1181 2608; x_wconf 86' lang='lat' dir='ltr'>tyrannus,</span> <span class='ocrx_word' id='word_1_356' title='bbox 1229 2552 1314 2596; x_wconf 88' lang='lat' dir='ltr'>dux</span> <span class='ocrx_word' id='word_1_357' title='bbox 1346 2552 1648 2596; x_wconf 85' lang='lat' dir='ltr'>Tridentinae</span> <span class='ocrx_word' id='word_1_358' title='bbox 1681 2551 1912 2603; x_wconf 80' lang='lat' dir='ltr'>civitatiS,</span> <span class='ocrx_word' id='word_1_359' title='bbox 1957 2551 2263 2595; x_wconf 88' lang='lat' dir='ltr'>adnitentibus</span> 
     </span>
     <span class='ocr_line' id='line_1_56' title="bbox 376 2608 2264 2665; baseline -0.001 -12"><span class='ocrx_word' id='word_1_360' title='bbox 376 2610 547 2655; x_wconf 88' lang='lat' dir='ltr'>Aldone</span> <span class='ocrx_word' id='word_1_361' title='bbox 588 2614 631 2654; x_wconf 90' lang='lat' dir='ltr'>et</span> <span class='ocrx_word' id='word_1_362' title='bbox 672 2609 898 2654; x_wconf 84' lang='lat' dir='ltr'>Grausone</span> <span class='ocrx_word' id='word_1_363' title='bbox 938 2610 1195 2653; x_wconf 90' lang='lat' dir='ltr'>Brixianisu</span> <span class='ocrx_word' id='word_1_364' title='bbox 1234 2610 1403 2653; x_wconf 79' lang='lat' dir='ltr'>civibus</span> <span class='ocrx_word' id='word_1_365' title='bbox 1443 2612 1489 2653; x_wconf 88' lang='lat' dir='ltr'>et</span> <span class='ocrx_word' id='word_1_366' title='bbox 1529 2610 1629 2653; x_wconf 90' lang='lat' dir='ltr'>aliis</span> <span class='ocrx_word' id='word_1_367' title='bbox 1668 2609 1823 2653; x_wconf 88' lang='lat' dir='ltr'>multis</span> <span class='ocrx_word' id='word_1_368' title='bbox 1863 2622 1913 2652; x_wconf 86' lang='lat' dir='ltr'>ex</span> <span class='ocrx_word' id='word_1_369' title='bbox 1943 2608 2264 2665; x_wconf 85' lang='lat' dir='ltr'>Langobardis,</span> 
     </span>
     <span class='ocr_line' id='line_1_57' title="bbox 375 2665 2264 2722; baseline -0.001 -11"><span class='ocrx_word' id='word_1_370' title='bbox 375 2671 563 2711; x_wconf 83' lang='lat' dir='ltr'>contra</span> <span class='ocrx_word' id='word_1_371' title='bbox 601 2666 1000 2711; x_wconf 77' lang='lat' dir='ltr'>Cuniehbertumv</span> <span class='ocrx_word' id='word_1_372' title='bbox 1045 2681 1224 2722; x_wconf 89' lang='lat' dir='ltr'>regem</span> <span class='ocrx_word' id='word_1_373' title='bbox 1272 2667 1561 2711; x_wconf 77' lang='lat' dir='ltr'>rebellatW</span> <span class='ocrx_word' id='word_1_374' title='bbox 1607 2680 1830 2722; x_wconf 91' lang='lat' dir='ltr'>eumque</span> <span class='ocrx_word' id='word_1_375' title='bbox 1876 2665 1936 2709; x_wconf 88' lang='lat' dir='ltr'>de</span> <span class='ocrx_word' id='word_1_376' title='bbox 1979 2680 2143 2721; x_wconf 92' lang='lat' dir='ltr'>regno</span> <span class='ocrx_word' id='word_1_377' title='bbox 2189 2680 2264 2710; x_wconf 84' lang='lat' dir='ltr'>ex-</span> 
     </span>
     <span class='ocr_line' id='line_1_58' title="bbox 375 2723 2263 2780; baseline -0.001 -12"><span class='ocrx_word' id='word_1_378' title='bbox 375 2726 588 2779; x_wconf 75' lang='lat' dir='ltr'>pellitx.</span> <span class='ocrx_word' id='word_1_379' title='bbox 636 2724 737 2767; x_wconf 85' lang='lat' dir='ltr'>Sed</span> <span class='ocrx_word' id='word_1_380' title='bbox 767 2725 1062 2778; x_wconf 81' lang='lat' dir='ltr'>resumptis</span> <span class='ocrx_word' id='word_1_381' title='bbox 1086 2725 1296 2768; x_wconf 75' lang='lat' dir='ltr'>viribus</span> <span class='ocrx_word' id='word_1_382' title='bbox 1321 2724 1695 2769; x_wconf 66' lang='lat' dir='ltr'>Cunichbertusy</span> <span class='ocrx_word' id='word_1_383' title='bbox 1716 2723 1986 2778; x_wconf 86' lang='lat' dir='ltr'>prefatum</span> <span class='ocrx_word' id='word_1_384' title='bbox 2010 2726 2263 2780; x_wconf 79' lang='lat' dir='ltr'>tyrannum</span> 
     </span>
     <span class='ocr_line' id='line_1_59' title="bbox 374 2780 973 2836; baseline -0.002 -11"><span class='ocrx_word' id='word_1_385' title='bbox 374 2783 427 2825; x_wconf 88' lang='grc'>111</span> <span class='ocrx_word' id='word_1_386' title='bbox 464 2782 641 2836; x_wconf 90' lang='lat' dir='ltr'>prelio</span> <span class='ocrx_word' id='word_1_387' title='bbox 680 2780 973 2824; x_wconf 89' lang='lat' dir='ltr'>interficit.</span> 
     </span>
    </p>
   </div>
   <div class='ocr_carea' id='block_1_18' title="bbox 446 2872 2264 3031">
    <p class='ocr_par' dir='ltr' id='par_1_23' title="bbox 446 2872 2264 3031">
     <span class='ocr_line' id='line_1_60' title="bbox 472 2872 1851 2929; baseline 0.001 -13"><span class='ocrx_word' id='word_1_388' title='bbox 472 2874 511 2924; x_wconf 91' lang='lat'>*)</span> <span class='ocrx_word' id='word_1_389' title='bbox 545 2873 768 2916; x_wconf 82' lang='lat' dir='ltr'>Bituricas</span> <span class='ocrx_word' id='word_1_390' title='bbox 803 2872 1022 2926; x_wconf 86' lang='lat' dir='ltr'>Sulpitius</span> <span class='ocrx_word' id='word_1_391' title='bbox 1056 2874 1282 2927; x_wconf 86' lang='lat' dir='ltr'>episcopus</span> <span class='ocrx_word' id='word_1_392' title='bbox 1316 2874 1573 2929; x_wconf 87' lang='lat' dir='ltr'>agnoscitur</span> <span class='ocrx_word' id='word_1_393' title='bbox 1604 2874 1709 2917; x_wconf 74' lang='lat' dir='ltr'>add.</span> <span class='ocrx_word' id='word_1_394' title='bbox 1741 2874 1786 2916; x_wconf 90' lang='lat' dir='ltr'><em>B</em></span> <span class='ocrx_word' id='word_1_395' title='bbox 1810 2875 1851 2917; x_wconf 87' lang='lat'>3.</span> 
     </span>
     <span class='ocr_line' id='line_1_61' title="bbox 446 2928 2264 3031; baseline -0.001 -58"><span class='ocrx_word' id='word_1_396' title='bbox 446 2929 513 2982; x_wconf 82' lang='lat'>**)</span> <span class='ocrx_word' id='word_1_397' title='bbox 545 2930 1041 3031; x_wconf 49' lang='lat' dir='ltr'>Kiliagius&#39;izdepgscopus</span> <span class='ocrx_word' id='word_1_398' title='bbox 1074 2930 1500 2986; x_wconf 74' lang='lat' dir='ltr'>Wi1·zibU1-gensisa‚</span> <span class='ocrx_word' id='word_1_399' title='bbox 1545 2930 1715 2973; x_wconf 87' lang='lat' dir='ltr'>Arnval</span> <span class='ocrx_word' id='word_1_400' title='bbox 1759 2930 1850 2973; x_wconf 89' lang='lat' dir='ltr'>eius</span> <span class='ocrx_word' id='word_1_401' title='bbox 1890 2928 2136 2983; x_wconf 89' lang='lat' dir='ltr'>discipulus</span> <span class='ocrx_word' id='word_1_402' title='bbox 2177 2929 2264 2972; x_wconf 89' lang='lat' dir='ltr'>cla-</span> 
     </span>
     <span class='ocr_line' id='line_1_62' title="bbox 546 3001 900 3031; baseline 0 -2"><span class='ocrx_word' id='word_1_403' title='bbox 546 3001 656 3030; x_wconf 81' lang='lat' dir='ltr'>resci</span> <span class='ocrx_word' id='word_1_404' title='bbox 710 3001 737 3031; x_wconf 84' lang='grc' dir='ltr'><em>α</em></span> <span class='ocrx_word' id='word_1_405' title='bbox 807 3021 815 3029; x_wconf 96' lang='grc'>.</span> <span class='ocrx_word' id='word_1_406' title='bbox 892 3021 900 3029; x_wconf 96' lang='grc'>.</span> 
     </span>
    </p>
   </div>
   <div class='ocr_carea' id='block_1_19' title="bbox 376 3068 2265 3366">
    <p class='ocr_par' dir='ltr' id='par_1_24' title="bbox 376 3068 2265 3366">
     <span class='ocr_line' id='line_1_63' title="bbox 377 3068 2264 3111; baseline -0.001 -11"><span class='ocrx_word' id='word_1_407' title='bbox 377 3070 410 3109; x_wconf 85' lang='lat' dir='ltr'>a)</span> <span class='ocrx_word' id='word_1_408' title='bbox 444 3070 623 3109; x_wconf 80' lang='lat' dir='ltr'>disposuit</span> <span class='ocrx_word' id='word_1_409' title='bbox 646 3071 676 3101; x_wconf 88' lang='lat' dir='ltr'><strong><em>A</em></strong></span> <span class='ocrx_word' id='word_1_410' title='bbox 694 3072 724 3101; x_wconf 87' lang='grc'>2.</span> <span class='ocrx_word' id='word_1_411' title='bbox 814 3070 851 3110; x_wconf 92' lang='lat' dir='ltr'>b)</span> <span class='ocrx_word' id='word_1_412' title='bbox 883 3070 976 3102; x_wconf 73' lang='lat' dir='ltr'>deest</span> <span class='ocrx_word' id='word_1_413' title='bbox 1001 3072 1032 3101; x_wconf 95' lang='grc' dir='ltr'><em>Β</em></span> <span class='ocrx_word' id='word_1_414' title='bbox 1050 3073 1080 3102; x_wconf 92' lang='grc'>1.</span> <span class='ocrx_word' id='word_1_415' title='bbox 1171 3070 1204 3111; x_wconf 83' lang='lat' dir='ltr'>c)</span> <span class='ocrx_word' id='word_1_416' title='bbox 1238 3080 1309 3109; x_wconf 88' lang='lat' dir='ltr'>quo</span> <span class='ocrx_word' id='word_1_417' title='bbox 1334 3072 1364 3102; x_wconf 96' lang='lat' dir='ltr'><strong><em>A</em></strong></span> <span class='ocrx_word' id='word_1_418' title='bbox 1381 3072 1414 3103; x_wconf 95' lang='grc'>2.</span> <span class='ocrx_word' id='word_1_419' title='bbox 1504 3071 1540 3111; x_wconf 91' lang='lat' dir='ltr'>d)</span> <span class='ocrx_word' id='word_1_420' title='bbox 1572 3072 1665 3103; x_wconf 75' lang='lat' dir='ltr'>deest</span> <span class='ocrx_word' id='word_1_421' title='bbox 1687 3070 1718 3102; x_wconf 93' lang='lat' dir='ltr'><strong><em>A</em></strong></span> <span class='ocrx_word' id='word_1_422' title='bbox 1734 3071 1765 3102; x_wconf 89' lang='grc'>2.</span> <span class='ocrx_word' id='word_1_423' title='bbox 1855 3069 1890 3109; x_wconf 93' lang='lat' dir='ltr'>e)</span> <span class='ocrx_word' id='word_1_424' title='bbox 1920 3070 2176 3100; x_wconf 85' lang='lat' dir='ltr'>chunibertum</span> <span class='ocrx_word' id='word_1_425' title='bbox 2199 3068 2230 3100; x_wconf 98' lang='lat' dir='ltr'><strong><em>A</em></strong></span> <span class='ocrx_word' id='word_1_426' title='bbox 2246 3070 2264 3100; x_wconf 90' lang='grc'><strong>2</strong></span> 
     </span>
     <span class='ocr_line' id='line_1_64' title="bbox 377 3112 2262 3153; baseline 0 -10"><span class='ocrx_word' id='word_1_427' title='bbox 377 3114 427 3150; x_wconf 76' lang='lat' dir='ltr'>(ot</span> <span class='ocrx_word' id='word_1_428' title='bbox 450 3113 685 3144; x_wconf 80' lang='lat' dir='ltr'>eunichberto</span> <span class='ocrx_word' id='word_1_429' title='bbox 716 3113 807 3144; x_wconf 80' lang='lat' dir='ltr'>Amz.</span> <span class='ocrx_word' id='word_1_430' title='bbox 842 3113 1004 3153; x_wconf 71' lang='lat' dir='ltr'>Maqd.)‚·</span> <span class='ocrx_word' id='word_1_431' title='bbox 1034 3113 1261 3145; x_wconf 87' lang='lat' dir='ltr'>cunibertum</span> <span class='ocrx_word' id='word_1_432' title='bbox 1285 3116 1316 3145; x_wconf 98' lang='grc' dir='ltr'><em>Β</em></span> <span class='ocrx_word' id='word_1_433' title='bbox 1335 3117 1370 3152; x_wconf 85' lang='grc'>1;</span> <span class='ocrx_word' id='word_1_434' title='bbox 1403 3114 1635 3146; x_wconf 80' lang='lat' dir='ltr'>eunichberti</span> <span class='ocrx_word' id='word_1_435' title='bbox 1658 3114 1689 3144; x_wconf 89' lang='grc' dir='ltr'><strong><em>Β</em></strong></span> <span class='ocrx_word' id='word_1_436' title='bbox 1706 3114 1736 3144; x_wconf 89' lang='grc'><strong>3.</strong></span> <span class='ocrx_word' id='word_1_437' title='bbox 1849 3112 1878 3151; x_wconf 84' lang='lat' dir='ltr'>f)</span> <span class='ocrx_word' id='word_1_438' title='bbox 1908 3116 1995 3143; x_wconf 83' lang='lat' dir='ltr'>tunc</span> <span class='ocrx_word' id='word_1_439' title='bbox 2017 3115 2163 3150; x_wconf 84' lang='lat' dir='ltr'>preerat</span> <span class='ocrx_word' id='word_1_440' title='bbox 2184 3113 2215 3144; x_wconf 89' lang='lat' dir='ltr'><strong><em>A</em></strong></span> <span class='ocrx_word' id='word_1_441' title='bbox 2231 3115 2262 3143; x_wconf 84' lang='grc'>2.</span> 
     </span>
     <span class='ocr_line' id='line_1_65' title="bbox 377 3154 2265 3196; baseline 0 -8"><span class='ocrx_word' id='word_1_442' title='bbox 377 3163 412 3195; x_wconf 76' lang='lat' dir='ltr'>g)</span> <span class='ocrx_word' id='word_1_443' title='bbox 437 3156 662 3186; x_wconf 85' lang='lat' dir='ltr'>debellantes</span> <span class='ocrx_word' id='word_1_444' title='bbox 687 3157 717 3186; x_wconf 85' lang='grc' dir='ltr'><em>Β</em></span> <span class='ocrx_word' id='word_1_445' title='bbox 734 3157 766 3185; x_wconf 97' lang='grc'>2.</span> <span class='ocrx_word' id='word_1_446' title='bbox 855 3155 891 3193; x_wconf 89' lang='lat' dir='ltr'>h)</span> <span class='ocrx_word' id='word_1_447' title='bbox 912 3156 1087 3193; x_wconf 86' lang='lat' dir='ltr'>bulgares</span> <span class='ocrx_word' id='word_1_448' title='bbox 1112 3156 1143 3186; x_wconf 90' lang='lat' dir='ltr'><strong><em>A</em></strong></span> <span class='ocrx_word' id='word_1_449' title='bbox 1159 3158 1189 3187; x_wconf 85' lang='lat'>2.</span> <span class='ocrx_word' id='word_1_450' title='bbox 1280 3156 1308 3196; x_wconf 91' lang='lat' dir='ltr'>i)</span> <span class='ocrx_word' id='word_1_451' title='bbox 1339 3157 1430 3188; x_wconf 76' lang='lat' dir='ltr'>deest</span> <span class='ocrx_word' id='word_1_452' title='bbox 1453 3157 1485 3187; x_wconf 89' lang='grc' dir='ltr'><em>Β</em></span> <span class='ocrx_word' id='word_1_453' title='bbox 1501 3157 1531 3187; x_wconf 85' lang='grc'>2.</span> <span class='ocrx_word' id='word_1_454' title='bbox 1622 3155 1661 3196; x_wconf 90' lang='lat' dir='ltr'>k)</span> <span class='ocrx_word' id='word_1_455' title='bbox 1694 3155 1811 3187; x_wconf 74' lang='lat' dir='ltr'>Oarca</span> <span class='ocrx_word' id='word_1_456' title='bbox 1833 3156 1866 3185; x_wconf 91' lang='lat' dir='ltr'><em>B</em></span> <span class='ocrx_word' id='word_1_457' title='bbox 1881 3155 1911 3186; x_wconf 82' lang='lat'>2.</span> <span class='ocrx_word' id='word_1_458' title='bbox 2004 3154 2030 3194; x_wconf 97' lang='lat' dir='ltr'>l)</span> <span class='ocrx_word' id='word_1_459' title='bbox 2061 3156 2165 3186; x_wconf 86' lang='lat' dir='ltr'>cuius</span> <span class='ocrx_word' id='word_1_460' title='bbox 2186 3156 2218 3186; x_wconf 92' lang='lat' dir='ltr'><em>B</em></span> <span class='ocrx_word' id='word_1_461' title='bbox 2234 3156 2265 3188; x_wconf 90' lang='lat'><strong>3.</strong></span> 
     </span>
     <span class='ocr_line' id='line_1_66' title="bbox 376 3197 2263 3240; baseline 0 -12"><span class='ocrx_word' id='word_1_462' title='bbox 376 3198 426 3238; x_wconf 92' lang='lat' dir='ltr'>m)</span> <span class='ocrx_word' id='word_1_463' title='bbox 452 3198 542 3229; x_wconf 73' lang='lat' dir='ltr'>deest</span> <span class='ocrx_word' id='word_1_464' title='bbox 566 3199 597 3228; x_wconf 90' lang='lat' dir='ltr'><em>B</em></span> <span class='ocrx_word' id='word_1_465' title='bbox 613 3199 649 3237; x_wconf 81' lang='lat'>23</span> <span class='ocrx_word' id='word_1_466' title='bbox 684 3206 722 3228; x_wconf 89' lang='lat' dir='ltr'>se</span> <span class='ocrx_word' id='word_1_467' title='bbox 747 3197 832 3228; x_wconf 85' lang='lat' dir='ltr'>dare</span> <span class='ocrx_word' id='word_1_468' title='bbox 855 3198 885 3228; x_wconf 90' lang='lat' dir='ltr'><strong><em>A</em></strong></span> <span class='ocrx_word' id='word_1_469' title='bbox 901 3199 931 3229; x_wconf 90' lang='grc'>2.</span> <span class='ocrx_word' id='word_1_470' title='bbox 992 3198 1030 3237; x_wconf 85' lang='grc'>11)</span> <span class='ocrx_word' id='word_1_471' title='bbox 1054 3199 1221 3237; x_wconf 86' lang='lat' dir='ltr'>pensanti</span> <span class='ocrx_word' id='word_1_472' title='bbox 1246 3200 1277 3229; x_wconf 88' lang='lat' dir='ltr'><em>B</em></span> <span class='ocrx_word' id='word_1_473' title='bbox 1293 3201 1324 3230; x_wconf 89' lang='lat'><strong>3.</strong></span> <span class='ocrx_word' id='word_1_474' title='bbox 1395 3199 1429 3240; x_wconf 96' lang='lat'>0)</span> <span class='ocrx_word' id='word_1_475' title='bbox 1455 3198 1613 3230; x_wconf 84' lang='lat' dir='ltr'>habund.</span> <span class='ocrx_word' id='word_1_476' title='bbox 1639 3200 1670 3229; x_wconf 88' lang='lat' dir='ltr'><em>B</em></span> <span class='ocrx_word' id='word_1_477' title='bbox 1688 3201 1717 3229; x_wconf 92' lang='lat'>1.</span> <span class='ocrx_word' id='word_1_478' title='bbox 1736 3198 1767 3228; x_wconf 90' lang='grc'>2.</span> <span class='ocrx_word' id='word_1_479' title='bbox 1827 3197 1864 3237; x_wconf 88' lang='lat' dir='ltr'>p)</span> <span class='ocrx_word' id='word_1_480' title='bbox 1890 3197 2055 3235; x_wconf 86' lang='lat' dir='ltr'>dyonisio</span> <span class='ocrx_word' id='word_1_481' title='bbox 2079 3197 2109 3228; x_wconf 91' lang='lat' dir='ltr'><strong><em>A</em></strong></span> <span class='ocrx_word' id='word_1_482' title='bbox 2127 3199 2156 3228; x_wconf 80' lang='grc'>2.</span> <span class='ocrx_word' id='word_1_483' title='bbox 2183 3198 2215 3228; x_wconf 92' lang='grc' dir='ltr'><em>Β</em></span> <span class='ocrx_word' id='word_1_484' title='bbox 2231 3199 2263 3228; x_wconf 88' lang='grc'>2.</span> 
     </span>
     <span class='ocr_line' id='line_1_67' title="bbox 378 3239 2263 3281; baseline 0.001 -10"><span class='ocrx_word' id='word_1_485' title='bbox 378 3240 414 3280; x_wconf 88' lang='lat' dir='ltr'>q)</span> <span class='ocrx_word' id='word_1_486' title='bbox 439 3240 631 3271; x_wconf 86' lang='lat' dir='ltr'>ediltrudis</span> <span class='ocrx_word' id='word_1_487' title='bbox 655 3241 686 3270; x_wconf 88' lang='grc' dir='ltr'><em>Β</em></span> <span class='ocrx_word' id='word_1_488' title='bbox 704 3241 735 3270; x_wconf 89' lang='grc'>2.</span> <span class='ocrx_word' id='word_1_489' title='bbox 794 3239 825 3279; x_wconf 87' lang='lat' dir='ltr'>r)</span> <span class='ocrx_word' id='word_1_490' title='bbox 850 3239 974 3270; x_wconf 88' lang='lat' dir='ltr'><strong>DXII.</strong></span> <span class='ocrx_word' id='word_1_491' title='bbox 1001 3241 1101 3271; x_wconf 75' lang='lat' dir='ltr'>codd.</span> <span class='ocrx_word' id='word_1_492' title='bbox 1157 3241 1188 3280; x_wconf 87' lang='lat' dir='ltr'>s)</span> <span class='ocrx_word' id='word_1_493' title='bbox 1213 3242 1318 3271; x_wconf 83' lang='lat' dir='ltr'>annis</span> <span class='ocrx_word' id='word_1_494' title='bbox 1343 3241 1372 3272; x_wconf 89' lang='lat' dir='ltr'><strong><em>A</em></strong></span> <span class='ocrx_word' id='word_1_495' title='bbox 1390 3243 1423 3272; x_wconf 87' lang='grc'>2.</span> <span class='ocrx_word' id='word_1_496' title='bbox 1477 3240 1504 3281; x_wconf 84' lang='lat' dir='ltr'>t)</span> <span class='ocrx_word' id='word_1_497' title='bbox 1530 3242 1614 3280; x_wconf 79' lang='lat' dir='ltr'>quia</span> <span class='ocrx_word' id='word_1_498' title='bbox 1636 3249 1768 3272; x_wconf 87' lang='lat' dir='ltr'>nerone</span> <span class='ocrx_word' id='word_1_499' title='bbox 1792 3240 1823 3270; x_wconf 93' lang='grc' dir='ltr'><em>Β</em></span> <span class='ocrx_word' id='word_1_500' title='bbox 1840 3242 1869 3271; x_wconf 87' lang='grc'>2.</span> <span class='ocrx_word' id='word_1_501' title='bbox 1926 3239 1963 3280; x_wconf 92' lang='lat' dir='ltr'>u)</span> <span class='ocrx_word' id='word_1_502' title='bbox 1986 3240 2158 3271; x_wconf 85' lang='lat' dir='ltr'>bristanis</span> <span class='ocrx_word' id='word_1_503' title='bbox 2183 3241 2214 3271; x_wconf 97' lang='grc' dir='ltr'><em>Β</em></span> <span class='ocrx_word' id='word_1_504' title='bbox 2230 3241 2263 3273; x_wconf 88' lang='lat'>3.</span> 
     </span>
     <span class='ocr_line' id='line_1_68' title="bbox 377 3281 2262 3323; baseline 0.001 -11"><span class='ocrx_word' id='word_1_505' title='bbox 377 3285 415 3323; x_wconf 76' lang='lat' dir='ltr'>v)</span> <span class='ocrx_word' id='word_1_506' title='bbox 440 3284 588 3314; x_wconf 90' lang='lat' dir='ltr'>chunib.</span> <span class='ocrx_word' id='word_1_507' title='bbox 614 3282 645 3313; x_wconf 90' lang='lat' dir='ltr'><strong><em>A</em></strong></span> <span class='ocrx_word' id='word_1_508' title='bbox 665 3283 694 3312; x_wconf 89' lang='grc'>2.</span> <span class='ocrx_word' id='word_1_509' title='bbox 774 3282 819 3321; x_wconf 83' lang='lat' dir='ltr'>w)</span> <span class='ocrx_word' id='word_1_510' title='bbox 843 3282 1000 3313; x_wconf 82' lang='lat' dir='ltr'>debellat</span> <span class='ocrx_word' id='word_1_511' title='bbox 1025 3284 1055 3313; x_wconf 90' lang='grc' dir='ltr'><em>Β</em></span> <span class='ocrx_word' id='word_1_512' title='bbox 1072 3284 1104 3314; x_wconf 90' lang='grc'>2.</span> <span class='ocrx_word' id='word_1_513' title='bbox 1184 3283 1221 3322; x_wconf 84' lang='lat' dir='ltr'>x)</span> <span class='ocrx_word' id='word_1_514' title='bbox 1247 3284 1397 3315; x_wconf 82' lang='lat' dir='ltr'>exuellit</span> <span class='ocrx_word' id='word_1_515' title='bbox 1422 3285 1454 3314; x_wconf 91' lang='lat' dir='ltr'><em>B</em></span> <span class='ocrx_word' id='word_1_516' title='bbox 1471 3285 1502 3314; x_wconf 84' lang='lat'>2.</span> <span class='ocrx_word' id='word_1_517' title='bbox 1584 3284 1624 3322; x_wconf 78' lang='lat' dir='ltr'>y)</span> <span class='ocrx_word' id='word_1_518' title='bbox 1650 3283 1832 3322; x_wconf 91' lang='lat' dir='ltr'>Chunigb.</span> <span class='ocrx_word' id='word_1_519' title='bbox 1859 3281 1889 3313; x_wconf 92' lang='lat' dir='ltr'><strong><em>A</em></strong></span> <span class='ocrx_word' id='word_1_520' title='bbox 1906 3284 1938 3314; x_wconf 92' lang='grc'>2.</span> <span class='ocrx_word' id='word_1_521' title='bbox 2020 3282 2054 3322; x_wconf 88' lang='lat' dir='ltr'>z)</span> <span class='ocrx_word' id='word_1_522' title='bbox 2081 3283 2262 3320; x_wconf 78' lang='lat' dir='ltr'>Kylianus</span> 
     </span>
     <span class='ocr_line' id='line_1_69' title="bbox 378 3325 1643 3366; baseline 0.002 -10"><span class='ocrx_word' id='word_1_523' title='bbox 378 3328 409 3357; x_wconf 92' lang='grc' dir='ltr'><em>Β</em></span> <span class='ocrx_word' id='word_1_524' title='bbox 425 3327 461 3364; x_wconf 84' lang='grc'><strong>2;</strong></span> <span class='ocrx_word' id='word_1_525' title='bbox 496 3325 804 3358; x_wconf 85' lang='lat' dir='ltr'>Kil.—cla1·escit</span> <span class='ocrx_word' id='word_1_526' title='bbox 827 3325 952 3356; x_wconf 72' lang='lat' dir='ltr'>desunt</span> <span class='ocrx_word' id='word_1_527' title='bbox 975 3325 1006 3355; x_wconf 90' lang='grc' dir='ltr'><em>Β</em></span> <span class='ocrx_word' id='word_1_528' title='bbox 1025 3327 1053 3356; x_wconf 93' lang='grc'>1.</span> <span class='ocrx_word' id='word_1_529' title='bbox 1145 3325 1178 3365; x_wconf 84' lang='lat' dir='ltr'>a)</span> <span class='ocrx_word' id='word_1_530' title='bbox 1204 3327 1539 3366; x_wconf 82' lang='lat' dir='ltr'>uuirzigburgensis</span> <span class='ocrx_word' id='word_1_531' title='bbox 1563 3327 1595 3357; x_wconf 91' lang='lat' dir='ltr'><em>B</em></span> <span class='ocrx_word' id='word_1_532' title='bbox 1611 3328 1643 3360; x_wconf 89' lang='lat'>3.</span> 
     </span>
    </p>
   </div>
   <div class='ocr_carea' id='block_1_20' title="bbox 379 3387 2283 3555">
    <p class='ocr_par' dir='ltr' id='par_1_25' title="bbox 379 3387 2283 3555">
     <span class='ocr_line' id='line_1_70' title="bbox 379 3387 2266 3445; baseline 0 -13"><span class='ocrx_word' id='word_1_533' title='bbox 379 3390 421 3440; x_wconf 83' lang='lat'>1)</span> <span class='ocrx_word' id='word_1_534' title='bbox 461 3387 731 3442; x_wconf 86' lang='lat' dir='ltr'>Cunincpert</span> <span class='ocrx_word' id='word_1_535' title='bbox 763 3389 957 3432; x_wconf 75' lang='lat' dir='ltr'>Paulus.</span> <span class='ocrx_word' id='word_1_536' title='bbox 1076 3389 1119 3441; x_wconf 83' lang='grc'>2)</span> <span class='ocrx_word' id='word_1_537' title='bbox 1160 3387 1319 3439; x_wconf 90' lang='lat' dir='ltr'>Chuni,</span> <span class='ocrx_word' id='word_1_538' title='bbox 1354 3390 1541 3445; x_wconf 88' lang='lat' dir='ltr'>Bulgari</span> <span class='ocrx_word' id='word_1_539' title='bbox 1574 3391 1766 3433; x_wconf 80' lang='lat' dir='ltr'>Paulus.</span> <span class='ocrx_word' id='word_1_540' title='bbox 1883 3389 1926 3441; x_wconf 85' lang='lat'>3)</span> <span class='ocrx_word' id='word_1_541' title='bbox 1967 3388 2266 3433; x_wconf 88' lang='lat' dir='ltr'>Aedilthruda</span> 
     </span>
     <span class='ocr_line' id='line_1_71' title="bbox 379 3445 2264 3502; baseline 0.001 -14"><span class='ocrx_word' id='word_1_542' title='bbox 379 3447 525 3489; x_wconf 80' lang='lat' dir='ltr'>Beda.</span> <span class='ocrx_word' id='word_1_543' title='bbox 643 3446 686 3497; x_wconf 88' lang='lat'>4)</span> <span class='ocrx_word' id='word_1_544' title='bbox 733 3445 904 3499; x_wconf 58' lang='lat' dir='ltr'>Viginti</span> <span class='ocrx_word' id='word_1_545' title='bbox 932 3459 1076 3489; x_wconf 80' lang='lat' dir='ltr'>annos</span> <span class='ocrx_word' id='word_1_546' title='bbox 1103 3459 1190 3501; x_wconf 77' lang='lat' dir='ltr'>pro</span> <span class='ocrx_word' id='word_1_547' title='bbox 1223 3447 1368 3490; x_wconf 74' lang='lat' dir='ltr'>decem</span> <span class='ocrx_word' id='word_1_548' title='bbox 1403 3447 1578 3502; x_wconf 71' lang='lat' dir='ltr'>Reyz&#39;no</span> <span class='ocrx_word' id='word_1_549' title='bbox 1611 3448 1715 3492; x_wconf 75' lang='lat' dir='ltr'>huic</span> <span class='ocrx_word' id='word_1_550' title='bbox 1744 3447 1913 3491; x_wconf 71' lang='lat' dir='ltr'>tribuit.</span> <span class='ocrx_word' id='word_1_551' title='bbox 2030 3448 2073 3498; x_wconf 80' lang='lat'>5)</span> <span class='ocrx_word' id='word_1_552' title='bbox 2106 3446 2264 3490; x_wconf 84' lang='lat' dir='ltr'>Alahis</span> 
     </span>
     <span class='ocr_line' id='line_1_72' title="bbox 379 3502 2283 3555; baseline 0.001 -10"><span class='ocrx_word' id='word_1_553' title='bbox 379 3502 598 3555; x_wconf 88' lang='lat' dir='ltr'>(Alachis)</span> <span class='ocrx_word' id='word_1_554' title='bbox 631 3503 824 3546; x_wconf 79' lang='lat' dir='ltr'>Paulus.</span> <span class='ocrx_word' id='word_1_555' title='bbox 2274 3537 2283 3542; x_wconf 80' lang='lat'>-</span> 
     </span>
    </p>
   </div>
   <div class='ocr_carea' id='block_1_21' title="bbox 2458 2078 2491 3724">
    <p class='ocr_par' dir='ltr' id='par_1_26' title="bbox 2458 2078 2491 3724">
     <span class='ocr_line' id='line_1_73' title="bbox 2458 2078 2491 3724; baseline 0 0"><span class='ocrx_word' id='word_1_556' title='bbox 2458 2078 2491 3724; x_wconf 95' lang='lat' dir='ltr'> </span> 
     </span>
    </p>
   </div>
  </div>
 </body>
</html>
