2491 3724
225 972 309 1011 (1—
323 972 387 1012 14).

277 1043 387 1074 Beda.

159 1101 245 1131 Luc.
258 1100 395 1139 2,8-21.

115 1227 278 1266 Manna,
294 1228 385 1257 1-11.

122 1284 212 1314 Luc.
224 1284 254 1323 2,
271 1283 389 1314 22-38.

93 1339 220 1371 Matth.
234 1341 262 1376 2,
274 1338 389 1370 14-15.

155 1521 280 1553 Matth.
294 1521 384 1561 2,16.

274 1577 385 1608 Beda.

274 1898 381 1930 Beda.

271 2032 378 2062 Beda.

90 2096 214 2127 Matth.
228 2097 386 2135 2,21-i3.

81 2306 205 2336 Horat.
226 2315 254 2336 a.
275 2315 307 2345 p.
329 2307 380 2337 78.

418 143 444 184 2
859 137 1185 183 REGINONIS
1216 135 1578 181 CHRONICON.
1637 137 1690 180 A.
1716 138 1853 181 1—7.

418 270 498 328 ut,
549 265 595 316 si
631 265 711 316 illi
748 264 880 316 haec
917 263 1062 315 dicta
1098 266 1306 325 nostra,
1357 262 1769 329 qualiacumque
1808 263 1937 325 sint,
1987 261 2289 329 placuerint

418 342 471 387 et
509 352 572 386 ea
608 335 711 386 sibi
749 333 978 386 describi
1017 333 1255 396 voluerit,
1294 332 1432 385 hanc
1469 331 1951 399 prefatiunculama
1980 332 2286 384 nullatenus

419 406 677 472 omittatb‚
726 405 854 472 quin
899 421 1014 454 eam
1051 404 1106 454 in
1144 403 1319 470 prima
1357 402 1534 454 fronte
1577 402 1747 454 libelli
1785 403 2065 454 annotari⁰
2102 402 2285 456 faciat.

418 476 658 528 Gloriam
688 474 1016 526 celsitudinis
1047 480 1256 526 vestrae
1280 474 1569 525 multorum
1598 471 1924 524 utilitatibus
1948 471 2285 539 profuturam

417 563 646 612 superna
681 544 1016 613 providentia
1053 544 1145 595 diu
1182 544 1501 596 incolumem
1541 560 1854 596 conservare
1893 542 2156 609 dignetur.

943 655 1269 708 EXPLICIT
1309 654 1708 709 JPREFATIO.d
1720 679 1726 687 ·
1740 658 1768 689 '³‘

484 781 779 834 *INCIPIT
816 781 1158 833 LIBELLUS
1199 782 1293 832 DE
1333 782 1781 834 TEMPORIBUS
1820 779 2218 833 DOMINICAE

1056 851 1654 906 ΙΝΟΑΒΝΑΤΙΟΝΙΞ.Θ

1247 948 1453 1007 1—15·

555 1033 683 1078 Anno
713 1034 933 1088 imperii
958 1032 1248 1077 Octaviani
1279 1035 1478 1078 Caesaris
1495 1036 1636 1079 XLII.
1660 1036 1813 1079 Iesusf
1835 1035 2036 1079 Christus
2059 1035 2178 1078 filius
2202 1035 2286 1078 Dei

415 1093 573 1133 natus
606 1089 727 1134 estl.
799 1090 995 1133 Eadem
1025 1093 1182 1133 nocte
1215 1092 1276 1134 ab
1310 1093 1497 1146 angelis
1529 1093 1907 1147 evangelizatur,
1949 1106 1975 1135 a
2004 1091 2285 1146 pastoribus

411 1154 696 1204 visitatur,
729 1156 906 1197 octava
938 1152 1022 1195 die
1055 1153 1432 1205 circumciditur,
1466 1147 1616 1199 XIII.
1644 1148 1729 1199 die
1760 1155 1894 1198 stella
1925 1155 2052 1198 duce
2078 1169 2103 1198 a
2126 1155 2285 1209 magis

414 1217 642 1260 adoratur
679 1219 731 1260 et
767 1216 1003 1259 misticis
1040 1217 1323 1260 muneribus
1360 1217 1677 1272 predicatur2.
1746 1219 1844 1261 XL.
1877 1218 1962 1261 die
1992 1219 2040 1261 in
2068 1218 2286 1272 templum

417 1288 528 1317 cuin
561 1273 841 1317 oblatione
874 1287 899 1316 a
920 1274 1208 1327 parentibus
1239 1274 1513 1326 inducitur,
1547 1290 1572 1319 a
1596 1275 1839 1318 simeones
1869 1275 2189 1329 suscipitur,
2222 1275 2284 1317 ab

415 1331 545 1373 Anna
569 1329 939 1385 agnosciturh3
962 1330 1220 1383 posthaec
1243 1331 1291 1373 in
1307 1330 1592 1387 Aegyptumi
1623 1332 1965 1386 deportatur,
1988 1331 2082 1375 ubi
2106 1334 2286 1374 manet

410 1400 548 1442 usque
580 1387 634 1429 ad
665 1386 836 1430 obitum
866 1385 1067 1429 Herodis.

554 1443 704 1493 Anno
736 1442 1032 1493 dominicae
1064 1443 1448 1494 incarnationis
1481 1443 1584 1497 II.3
1633 1458 1829 1502 Herodes
1861 1459 2046 1502 mittens
2077 1459 2124 1501 in
2147 1458 2284 1501 Beth-

412 1514 560 1558 leemk
591 1516 636 1557 et
665 1514 712 1556 in
743 1513 943 1557 omnibus
973 1513 1133 1555 finibus
1166 1513 1272 1565 eius,
1313 1528 1503 1567 pueros
1535 1516 1853 1559 innocentes
1885 1515 2137 1570 iugulare
2166 1529 2284 1569 pre·

414 1572 571 1625 cepit.
619 1570 824 1613 Deinde
850 1571 900 1612 in
930 1569 1252 1612 domesticos
1278 1584 1421 1614 arma
1447 1574 1768 1616 convertens
1792 1573 1990 1615 multos
2014 1572 2283 1626 perimitl,

414 1627 671 1670 dilectam
709 1627 817 1669 sibi
856 1626 1131 1680 coniugem
1163 1626 1502 1671 Mariamnemm
1533 1629 1868 1680 interficitn,
1908 1628 2034 1679 filios,
2067 1642 2194 1684 quos
2228 1641 2285 1671 ex

414 1698 471 1727 ea
509 1686 841 1737 susceperat,
874 1682 1210 1725 AristobulumO
1235 1686 1280 1726 et
1304 1684 1604 1728 Alexandrum
1627 1686 1674 1728 in
1707 1686 1908 1729 Samaria
1939 1685 2284 1741 stranfgulari

411 1745 607 1790 iubet4.
668 1738 964 1790 Novissime
996 1744 1301 1799 Antipatrum
1334 1761 1384 1790 ex
1415 1748 1615 1791 Doside
1646 1753 1838 1800 natum,
1870 1742 2200 1792 incentorem
2233 1747 2285 1792 et

408 1809 863 1860 insimulatoremp
894 1809 1131 1860 omnium
1161 1810 1425 1861 malorum
1457 1810 1633 1876 gladio
1665 1812 1912 1878 percutit.
1987 1818 2284 1862 Posthaecq

409 1887 662 1930 miserabili
685 1889 832 1930 morte
858 1887 1035 1940 peritr
1058 1896 1197 1930 anno
1223 1879 1519 1932 dominicae
1550 1882 1966 1933 incarnationisS
1990 1881 2098 1944 VI„
2134 1881 2285 1948 regni

406 1967 524 2001 vero
564 1951 646 2001 sui
684 1948 968 2000 ΧΧΧΧῙΙ.5

548 2021 698 2071 Anno
722 2019 1019 2072 dominicae
1043 2021 1425 2073 incarnationis
1443 2020 1599 2074 VILG
1629 2036 1873 2080 Archelaus
1903 2037 2020 2079 filius
2051 2036 2282 2079 Herodis

413 2091 466 2133 in
510 2091 676 2134 Iudea
713 2094 899 2146 regnat.
984 2091 1238 2134 Dominus
1283 2091 1432 2135 Iesus
1479 2105 1535 2135 ex
1581 2092 1860 2148 Aegyptot
1905 2093 2185 2136 reducitur
2231 2095 2283 2135 et

405 2150 629 2201 propter
674 2151 872 2190 metum
917 2147 1159 2202 predicti
1205 2150 1354 2203 regis
1408 2149 1463 2191 in
1506 2149 1734 2192 Nazareth
1787 2150 2034 2192 civitatem
2079 2148 2282 2192 Galileae

407 2204 639 2247 divertit
669 2204 857 2260 ibique
887 2218 1053 2259 usque
1087 2204 1150 2246 ad
1180 2206 1424 2259 tempora
1453 2205 1721 2259 baptismi
1752 2206 2086 2249 inhabitavitss.

502 2303 546 2353 3)
579 2302 713 2345 Multi
744 2302 975 2345 decertant
1012 2305 1057 2346 et
1089 2303 1229 2346 adhuc
1268 2303 1347 2346 sub
1380 2303 1522 2346 iudice
1555 2304 1610 2346 lis
1643 2306 1729 2355 est,
1773 2304 1974 2347 Feminei
2006 2304 2179 2358 genesis
2211 2304 2281 2346 vel

575 2360 722 2402 neutri
753 2359 957 2402 chronica
989 2362 1206 2411 constent3
1241 2359 1325 2403 Sed
1356 2360 1481 2403 nobis
1512 2361 1660 2414 pocius
1692 2363 1847 2404 neutro
1877 2360 2073 2415 proferre
2104 2359 2281 2403 videtur

577 2416 680 2459 add.
712 2417 756 2458 B
774 2418 798 2458 2
812 2417 839 2458 z'.

405 2513 439 2552 a)
463 2513 734 2552 pfaciunculain
758 2515 801 2545 Β.
859 2514 897 2554 b)
920 2515 1084 2546 obmittat
1108 2516 1139 2545 Β
1163 2518 1192 2546 1.
1219 2516 1250 2545 2.
1310 2514 1342 2554 c)
1366 2515 1483 2546 adnot.
1510 2517 1541 2546 Β
1567 2518 1595 2546 1.
1623 2516 1652 2546 3.
1713 2515 1751 2551 d)
1775 2514 1866 2545 deest
1888 2514 1919 2545 A
1941 2517 1972 2545 1.
2030 2513 2064 2554 e)
2088 2513 2280 2546 INCIPIT

406 2556 621 2587 CRONICA
673 2557 706 2587 A
759 2556 1010 2588 REGINONE
1057 2557 1257 2588 ABBATE
1303 2557 1574 2589 PRUMOENsl
1628 2558 1677 2589 IN
1715 2556 1904 2589 ORDINE
1942 2555 2158 2589 DIGESTA
2198 2557 2229 2588 A
2245 2557 2277 2587 2.

404 2598 432 2637 f)
455 2599 548 2630 deese
572 2601 604 2630 Β
626 2601 657 2631 3.
740 2599 778 2639 g)
802 2608 972 2636 symeone
994 2600 1024 2630 A
1050 2602 1078 2630 1.
1104 2601 1136 2630 Β
1159 2601 1191 2631 3.
1273 2600 1313 2639 h)
1338 2602 1567 2639 cognoscitur
1590 2600 1620 2630 A
1646 2603 1675 2631 1.
1757 2599 1785 2640 i)
1809 2601 1969 2639 egiptum
1994 2601 2036 2630 Β.
2119 2597 2158 2638 k)
2180 2598 2281 2629 beth-

403 2641 520 2672 lehem
545 2643 573 2673 A
600 2645 634 2679 13
665 2642 847 2673 betlehem
869 2643 901 2672 Β
919 2645 948 2672 l.
1026 2642 1053 2682 l)
1078 2643 1232 2681 perimit.
1273 2643 1365 2673 Nam
1389 2646 1424 2674 et
1446 2643 1508 2673 dil.
1526 2643 1567 2673 A.
1637 2642 1687 2682 m)
1710 2640 1910 2674 mariamen
1932 2642 1963 2673 A
1978 2643 2011 2673 2.
2110 2644 2150 2678 n)
2171 2642 2281 2672 inter·

403 2684 489 2714 fecit
511 2685 538 2714 A
564 2686 593 2715 2.
620 2685 652 2714 Β
676 2686 705 2715 2.
776 2685 809 2721 ο)
832 2685 1066 2716 aristobolum
1090 2685 1119 2715 A
1137 2685 1167 2715 2.
1197 2686 1227 2715 Β
1253 2686 1282 2716 2.
1303 2687 1333 2717 3.
1409 2688 1446 2724 p)
1471 2686 1747 2716 inslmilatorem
1770 2686 1802 2715 Β
1826 2688 1856 2717 1.
1925 2683 1962 2724 q)
1984 2685 2064 2724 ipse
2087 2683 2171 2715 add.
2197 2685 2228 2714 Β
2246 2686 2275 2715 1.

403 2725 433 2764 r)
457 2727 561 2765 periit
582 2726 612 2757 A
636 2728 667 2758 2.
758 2727 789 2767 s)
812 2727 883 2758 inc.
909 2727 999 2758 dom.
1026 2728 1055 2758 A
1079 2728 1111 2759 2.
1200 2727 1229 2768 t)
1253 2729 1372 2775 egipto
1395 2730 1439 2759 Β.
1529 2728 1567 2767 u)
1590 2728 1771 2759 habitavit
1792 2727 1837 2760 A.

405 2810 445 2862 1)
479 2813 557 2854 Ex
589 2813 746 2855 Beclae
777 2813 985 2856 chronico
1016 2813 1069 2855 de
1101 2825 1178 2855 seso
1211 2815 1448 2866 aetatibus,
1481 2819 1565 2857 aet.
1594 2814 1675 2857 VI.
1808 2813 1851 2866 2)
1885 2811 2014 2866 Conf.
2045 2811 2276 2863 Erwzisch,

404 2866 497 2910 ‘die
543 2867 742 2912 Chronik·
784 2870 861 2912 cles
905 2869 1083 2923 Reyino
1126 2869 1195 2912 bis
1239 2870 1359 2924 813⁹,
1415 2871 1532 2914 Gott.
1573 2872 1703 2920 1872,
1753 2883 1801 2924 p.
1839 2871 1896 2913 44
1933 2882 1996 2923 sq.
2112 2867 2156 2919 3)
2202 2867 2278 2909 Ex

403 2925 566 2967 illatth.
591 2928 629 2974 2,
664 2928 739 2968 16ε
784 2923 959 2968 Occidit
989 2939 1137 2968 omnes
1168 2939 1323 2979 pueros
1356 2941 1381 2969 a
1411 2927 1586 2970 bimatu
1618 2930 1663 2969 et
1693 2926 1823 2969 infra.
1939 2926 1984 2976 4)
2016 2925 2096 2967 Ex
2120 2923 2277 2965 Bedae

404 2986 545 3023 aetate
575 2982 625 3024 V.
656 2982 955 3032 (Octavianus
987 2982 1198 3034 Caesar),-
1230 2984 1310 3026 ubi
1332 2985 1464 3026 etiam
1490 2985 1542 3026 de
1573 2986 1678 3025 nato
1704 2996 1753 3025 ex
1778 2995 1829 3025 ea
1861 2980 1935 3034 (sc.
1959 2979 2151 3032 Doside)
2183 2978 2275 3021 filio

404 3037 641 3090 Antipatro
679 3040 844 3081 mentio
875 3038 933 3092 fit
970 3053 1108 3094 neque
1145 3045 1296 3082 tamen
1335 3040 1389 3083 de
1419 3046 1555 3083 morte
1593 3041 1718 3082 illius
1749 3039 1995 3093 quidquam
2024 3041 2273 3089 narratur,-

403 3095 459 3144 (ᾔ.
493 3095 703 3136 Ermz'sch
728 3108 774 3147 p.
799 3096 853 3138 45
885 3108 963 3149 sq„
1006 3097 1249 3148 Iosephum
1281 3097 1471 3139 latinum
1502 3096 1852 3149 (Heyesz'ppum)
1883 3095 1924 3146 I,
1956 3095 2012 3136 42
2053 3094 2275 3147 (strangu-

403 3149 554 3191 lantur
595 3150 779 3204 imperio
822 3151 979 3204 patris)
1026 3157 1067 3194 et
1098 3152 1165 3194 45.
1293 3153 1336 3201 5)
1381 3151 1624 3194 Undecimo
1663 3151 1859 3205 Augusti
1899 3163 2012 3192 anno
2051 3150 2275 3192 Herodem

403 3207 679 3249 ludaeorum
717 3208 1024 3260 principatum
1062 3208 1317 3260 suscepisse
1348 3209 1480 3250 Beda
1519 3209 1567 3249 in
1602 3208 1653 3250 V.
1685 3212 1832 3250 aetate
1870 3212 1911 3250 et
1947 3219 2059 3248 anno
2098 3205 2275 3258 imperii

403 3261 597 3316 Augusti
621 3262 801 3305 XLVII.
826 3269 1048 3305 mortuum
1079 3276 1172 3306 esse
1196 3264 1310 3305 idem
1341 3265 1389 3306 in>
1416 3264 1498 3307 VI.
1523 3268 1670 3307 aetate
1694 3264 1814 3306 dicit.
1895 3263 1941 3313 6)
1979 3263 2273 3316 Unumquem-

402 3332 483 3372 que
523 3333 669 3374 reyem
710 3324 791 3363 aut
829 3320 1139 3373 imperatorem
1182 3320 1355 3374 Reyz'no
1395 3334 1486 3362 non
1523 3321 1688 3372 eodem,
1728 3333 1813 3373 quo
1845 3320 2049 3362 decessor
2084 3331 2275 3373 reynare

403 3377 553 3428 desiit,
596 3376 673 3418 secl
705 3389 751 3418 eo
784 3376 972 3429 demum,
1011 3377 1089 3430 qui
1117 3377 1243 3419 illum
1275 3377 1486 3431 sequitur,
1528 3390 1648 3420 anno
1680 3376 1922 3430 imperium
1953 3375 2275 3430 inqreclz‘entem

389 3433 538 3485 face‘c;
582 3445 620 3475 v.
651 3433 777 3479 infra
808 3446 850 3475 a.
877 3435 940 3478 15,
973 3447 1016 3476 n.
1041 3435 1080 3476 3.

2311 796 2328 814 *
2346 808 2387 838 p.
2403 797 2491 830 5440
