2491 3724
302 179 358 222 50
683 175 1014 219 REGINONIS
1045 173 1406 218 CHRONICON.
1467 174 1520 218 A.
1545 176 1796 221 775—776.

42 314 143 345 Ann.
168 314 278 344 Laur.
304 304 465 348 habuit
494 317 703 359 pugnam,
745 302 820 346 sed
851 304 1041 357 captaa
1071 301 1269 356 magnab
1300 300 1437 354 preda
1468 302 1631 344 reversi
1663 305 1766 345 sunt
1796 303 1853 346 in
1883 303 2178 347 Franciam.

303 361 363 404 Et
395 361 636 404 celebravit
666 373 739 403 rex
770 360 969 403 natalem
1001 358 1182 402 Domini
1212 358 1258 400 in
1289 356 1547 401 Carisiacoss
1579 361 1624 401 et
1653 359 1819 412 pascha
1847 360 2070 404 similiter.

445 445 592 488 Anno
617 444 920 487 dominicae
943 442 1352 486 incarnationis
1376 440 1664 486 DCCLXXV.
1697 456 1773 486 rex
1796 443 1955 487 habuit
1978 444 2178 488 sinodum

302 503 349 545 in
394 503 516 553 villa,
564 514 675 556 quae
723 501 887 543 dicitur
932 500 1085 550 Duria,
1133 502 1177 542 et
1222 499 1325 541 inde
1371 498 1620 542 Saxoniam
1661 513 1848 555 pergens
1890 500 2181 556 Sigiburghd

303 561 497 602 castrum
528 559 660 612 cepit,
692 556 1024 612 Heresburghd
1052 555 1368 599 reaedificavit.
1427 555 1565 610 Super
1596 555 1817 600 Wisaram
1845 557 2028 601 fluvium
2057 559 2181 601 venit

302 617 347 658 in
372 616 478 666 loco,
512 616 587 670 qui
611 614 773 657 dicitur
797 613 1145 668 Brunisberghe‚
1176 613 1269 656 ubi
1301 615 1661 656 occurrerunt
1694 613 1741 655 ei
1771 612 1960 656 Saxones
1983 614 2180 658 volentes

302 673 446 727 ripam
482 671 727 726 supradicti
765 671 959 713 fluminis
999 669 1251 713 defendere:
1297 669 1540 712 auxiliante
1578 669 1768 713 Domino
1807 672 1852 712 et
1889 670 2069 713 Francis
2109 671 2181 714 de-

303 728 589 778 certantibUS,
614 727 782 783 fugatis
807 726 1049 770 Saxonibus
1074 727 1234 770 Franci
1259 726 1412 770 ambas
1435 727 1555 781 ripas
1581 729 1949 781 occupaverunt
1979 729 2024 770 et
2046 728 2181 770 multi

302 786 489 829 Saxones
514 785 646 828 occisi
668 787 784 827 sunt.
840 784 961 827 Tunc
986 797 1061 826 rex
1085 783 1286 827 dividens
1318 784 1557 826 exercitum
1588 784 1779 838 sumpsit
1801 797 1948 827 secum
1972 788 2180 838 partem

299 843 600 897 perrexitque
623 855 760 897 usque
785 840 849 883 ad
867 839 1140 884 Obaccrumf
1159 840 1354 891 fluvium,
1379 840 1470 883 ubi
1495 854 1642 884 omnes
1668 841 1970 884 orientales
1991 840 2180 885 Saxones

299 912 526 954 venientes
572 925 668 953 cum
716 911 938 955 Hassinon
978 897 1112 948 (1ΠοΕὲ
1149 896 1353 948 θΟἿἬΙΠ
1400 910 1614 954 dederunt
1657 911 1852 963 obsides,
1897 912 2022 955 iuxta
2067 912 2182 968 quod
2208 920 2224 938 *
2244 931 2283 961 p.
2302 921 2404 954 5581».

299 968 471 1022 placuit
508 968 646 1022 regi,
690 971 736 1010 et
765 968 1022 1011 iuraverunt
1052 971 1343 1010 sacramenta.
1415 968 1634 1011 Similiter
1673 982 1728 1012 eo
1766 971 2016 1012 revertente
2054 983 2181 1012 vene-

299 1039 403 1080 runt
432 1036 677 1092 Angrariig
718 1037 765 1079 in
806 1051 933 1092 pago,
979 1038 1054 1093 qui
1096 1037 1260 1081 dicitur
1296 1037 1484 1089 Buckih‚
1527 1052 1616 1081 una
1647 1052 1744 1080 cum
1775 1039 2002 1083 Brunonei
2047 1025 2180 1076 dUCO

301 1108 450 1138 eorum
484 1097 530 1136 et
559 1093 826 1142 fecerunt,
865 1095 1010 1137 sicut
1041 1095 1344 1137 orientales
1376 1094 1606 1138 Saxones
1637 1095 1900 1139 fecerant.
1958 1097 2182 1140 Interea

301 1165 411 1194 cum
444 1151 689 1201 Francis,
741 1151 831 1206 qui
870 1165 1000 1205 super
1036 1151 1219 1194 fluvium
1259 1151 1516 1194 Wisaramk
1553 1155 1950 1203 remanserant,
1993 1153 2181 1196 Saxones

298 1221 494 1263 pugnam
527 1208 907 1258 commiserunt3
942 1209 1009 1251 etl
1040 1208 1132 1251 Deo
1163 1208 1422 1263 largiente
1445 1208 1606 1251 Franci
1629 1209 1823 1252 victoria
1853 1210 2023 1263 potiti
2054 1213 2181 1252 sunt

300 1268 345 1308 et
375 1265 522 1319 plures
555 1278 605 1307 ex
637 1264 909 1308 Saxonibus
940 1264 1233 1308 interfecti
1265 1267 1402 1308 sunt.
1474 1265 1616 1308 Haec
1649 1265 1845 1308 audiens
1877 1279 1986 1318 rex,
2019 1267 2187 1310 iterum·

300 1335 429 1376 super
468 1320 656 1364 Saxones
700 1335 798 1364 cum
839 1322 1032 1365 exercitu
1069 1322 1240 1365 irruens
1278 1322 1503 1365 multam
1542 1325 1740 1378 stragem
1778 1322 1887 1366 fecit
1925 1326 1970 1366 et
1998 1323 2181 1378 predam

300 1379 571 1432 copiosam
604 1379 754 1434 cepit
784 1392 913 1433 super
944 1378 1282 1430 Westfaluosm;
1324 1381 1370 1422 et
1401 1380 1579 1422 coacti
1611 1379 1783 1423 obsides
1817 1379 2044 1423 dederunt.
2094 1379 2181 1423 Ob-

299 1435 469 1478 sidibus
494 1436 683 1490 itaque
707 1436 897 1490 receptis
915 1438 959 1479 et
976 1435 1112 1490 preda
1135 1437 1280 1479 multa
1304 1439 1495 1490 captan
1519 1450 1593 1479 rex
1617 1436 1663 1479 in
1680 1437 1915 1480 Franciam
1940 1451 2138 1480 reversus
2149 1446 2182 1480 ⁰.

300 1492 405 1535 Ubi
445 1493 493 1536 ei
532 1492 849 1535 nuntiatum
890 1495 984 1543 est,
1025 1492 1141 1549 quod
1177 1493 1471 1548 Rotgaudusp
1501 1493 1820 1549 Langobardus
1851 1497 2181 1548 postponens

298 1548 430 1592 fidem
474 1552 519 1592 et
558 1552 837 1592 sacramenta
880 1549 1141 1593 adversus
1185 1564 1299 1593 eum
1349 1550 1566 1593 rebellare
1608 1551 1945 1604 disponeret:
1989 1551 2180 1594 statim

298 1606 393 1648 illis
432 1606 479 1648 in
516 1606 720 1660 partibus
760 1607 847 1649 iter
889 1607 1130 1661 arripuit
1172 1610 1217 1650 et
1259 1607 1502 1650 celebravit
1539 1608 1737 1651 natalem
1769 1608 1949 1651 Domini
1980 1608 2027 1651 in
2056 1608 2181 1658 villa,

299 1676 411 1718 quae
443 1662 607 1705 dicitur
637 1662 902 1706 Sclezistatq
933 1663 986 1714 in
1027 1663 1269 1715 Eligatm,
1288 1664 1360 1694 n*

442 1761 591 1804 Anno
623 1761 924 1805 dominicae
963 1762 1371 1806 incarnationis
1403 1761 1718 1807 DCCLXXVI.
1773 1761 1954 1806 Carolus
1984 1776 2059 1805 rex
2089 1761 2181 1805 Ita-

298 1818 407 1860 liam
439 1818 663 1873 ingressus
695 1819 1130 1862 Foroiulanorums
1161 1822 1324 1873 partes
1358 1820 1555 1874 petivit,
1586 1819 1887 1874 Rotgaudum
1919 1819 2182 1862 rebellem

300 1877 514 1928 captum
557 1874 857 1918 decollaret
904 1876 1091 1924 iussit,
1142 1876 1198 1920 ad
1241 1876 1490 1919 Tarvisium
1531 1877 1763 1919 civitatem
1805 1876 1955 1919 venit
1995 1876 2182 1931 ibique

298 1931 463 1985 pascha
494 1931 757 1982 celebravit;
804 1935 856 1975 et
887 1931 1159 1976 ordinatis
1201 1934 1359 1976 rebus
1391 1933 1825 1990 derelictisqueu
1863 1932 2182 1976 custodibus

301 2002 357 2031 ex
388 1988 615 2031 Francis
647 1989 700 2031 in
732 1989 1003 2040 civitatibus,
1049 2003 1161 2046 quae
1194 1990 1450 2033 adversus
1483 2004 1597 2033 eum
1629 1992 1936 2041 senserant,
1968 1990 2014 2032 in
2046 1990 2183 2032 Fran-

299 2045 414 2087 ciam
457 2059 553 2088 cum
597 2046 892 2100 prosperitate
933 2060 1131 2090 reversus
1175 2050 1254 2090 est.
1325 2047 1549 2090 Interea
1589 2046 1779 2091 Saxones
1822 2047 2050 2102 cognita
2092 2046 2182 2089 ab·

299 2102 479 2145 sentia
509 2103 656 2157 regis
686 2117 830 2146 more
861 2103 1028 2147 solito
1059 2105 1240 2158 ruptis
1271 2105 1578 2147 sacramentis
1601 2104 1655 2146 in
1678 2118 1836 2147 unum
1861 2103 2182 2158 conglobati

299 2158 619 2214 Heresburghv
636 2161 829 2202 castrum
851 2159 1271 2215 adgrediuntur,
1289 2161 1671 2204 fraudulenter
1688 2161 1912 2204 Francis
1931 2159 2180 2208 suadent,

396 2286 435 2338 *)
467 2285 631 2330 Eodem
662 2289 858 2340 tempore
890 2287 1108 2330 Veneciae
1138 2287 1224 2330 dux
1255 2291 1434 2342 propter
1464 2287 1680 2331 invidiam
1705 2290 1751 2331 et
1772 2286 1957 2330 insidias
1983 2287 2182 2343 aliquan-

470 2346 616 2386 torum
647 2343 950 2395 Venetiarum,
982 2344 1137 2387 dantes
1169 2345 1440 2388 occasionem
1472 2345 1524 2395 ei,
1556 2348 1608 2388 ut
1639 2343 1794 2388 Carolo
1823 2344 1922 2399 regi
1946 2343 2182 2387 Veneciam

472 2399 645 2443 tradere
683 2400 839 2451 vellet,
880 2414 905 2443 a
936 2401 1024 2443 suis
1063 2401 1353 2444 hominibusW
1385 2406 1540 2456 captus
1580 2403 1647 2444 est
1677 2403 1723 2444 et
1753 2399 2182 2454 Constantinopolim

473 2456 529 2499 ad
560 2456 901 2500 Constantinum
940 2458 1255 2511 imperatorem
1293 2459 1340 2502 in
1363 2459 1544 2501 exilium
1575 2459 1861 2501 transmissus
1893 2460 1972 2501 est.
2040 2457 2182 2510 Quam

473 2527 565 2556 rem
597 2513 713 2557 idem
753 2514 997 2568 imperator
1034 2514 1276 2570 diligenter
1307 2516 1538 2571 exquirens
1577 2518 1623 2559 et
1652 2515 1958 2558 fraudulentas
1995 2514 2182 2557 insidias

477 2570 762 2613 Venetiamm
808 2574 960 2625 aperte
1005 2584 1287 2626 cognoscens,
1329 2572 1507 2615 illorum
1553 2572 1849 2615 incusationes
1893 2586 1973 2626 pro
2018 2571 2184 2614 nichilo
2486 2620 2491 2636 ι

474 2626 600 2670 duxit
645 2630 690 2671 et
727 2627 913 2670 eundem
953 2627 1107 2671 ducem
1145 2628 1471 2683 Anthipatrum
1507 2629 1689 2683 patricii
1726 2629 1848 2672 fecit.
1917 2627 2055 2680 Quem
2087 2641 2185 2671 cum
2486 2638 2490 2648 ·

473 2683 624 2738 legato
666 2687 711 2727 et
752 2685 941 2738 epistola
982 2699 1061 2728 sua
1103 2685 1159 2728 ad
1200 2686 1437 2729 Venetiam
1478 2686 1653 2729 remisit
1694 2688 1740 2729 et
1783 2686 1830 2728 in
1870 2685 2047 2740 propria
2084 2684 2185 2728 sede
2490 2709 2491 2712 =

476 2754 573 2783 eum
597 2741 920 2784 honorabiliter
943 2742 1157 2785 restituit.
1205 2742 1322 2785 Nam
1346 2746 1447 2797 post
1469 2746 1657 2786 mortem
1683 2742 1878 2786 eiusdem
1902 2741 2185 2786 Constantini

473 2797 666 2850 predicti
695 2797 880 2841 rebelles
911 2797 1065 2842 ducem
1096 2799 1354 2843 interimere
1384 2799 1670 2843 conabantur.
1730 2799 1921 2851 Quorum
1954 2798 2184 2843 consilium

475 2853 559 2896 dux
603 2855 851 2908 procaciter
899 2856 1131 2909 previdens
1180 2856 1385 2900 Nicoforo
1432 2857 1694 2911 imperatori
1739 2856 1841 2899 ilico
1886 2855 2183 2898 nunciandum

474 2911 619 2961 misit3
659 2911 1014 2955 animadvertens
1054 2915 1204 2956 autem
1243 2914 1484 2967 imperator
1521 2912 1602 2956 1100
1640 2913 1809 2956 facinus
1847 2926 1947 2955 mox
1975 2911 2184 2954 Nicetam
2483 2897 2487 2962 l

473 2968 710 3020 patricium
750 2968 805 3010 ad
843 2969 1201 3024 investigandam
1241 2984 1418 3013 causam
1456 2971 1502 3013 in
1532 2970 1767 3013 Venetiam
1805 2969 1950 3019 misit3
1992 2968 2068 3023 qui
2104 2968 2184 3010 illo

476 3024 669 3074 venienS,
700 3024 938 3078 patefactis
969 3027 1129 3080 culpis,
1173 3026 1401 3070 duodecim
1434 3041 1484 3070 ex
1520 3027 1613 3068 illis
1651 3025 1798 3069 infidis
1830 3023 2180 3079 comprehendit3

476 3093 580 3134 quos
622 3094 767 3123 secum
808 3081 1018 3125 reducens
1059 3083 1179 3126 iussu
1222 3084 1505 3137 imperatoris
1547 3083 1592 3125 in
1636 3082 1911 3137 ergastulum
1950 3094 2048 3124 cum
2088 3081 2185 3124 vita

477 3136 720 3180 destinavit
752 3138 857 3181 add.
889 3141 1026 3183 Ala.

307 3259 341 3299 a)
365 3269 446 3292 cum
470 3260 499 3291 A
517 3262 548 3292 3.
609 3260 646 3301 b)
669 3261 782 3301 preda
805 3270 938 3297 magna
961 3264 990 3295 A
1009 3267 1040 3296 1.
1065 3265 1096 3296 2.
1160 3264 1192 3304 0)
1215 3265 1345 3295 carisio
1369 3265 1399 3296 A
1415 3266 1452 3304 23
1482 3265 1665 3296 karisiaco
1687 3265 1717 3296 A
1735 3265 1764 3295 3.
1828 3263 1864 3304 d)
1890 3264 2019 3297 -burch
2043 3263 2073 3295 A
2091 3266 2121 3295 1.
2146 3265 2184 3299 2:

305 3304 413 3334 -burh
437 3304 467 3335 A
484 3303 516 3334 3.
537 3347 558 3354 ..
606 3303 639 3343 e)
661 3305 888 3335 brunesberh
913 3306 942 3355 A
959 3307 996 3346 33
1026 3306 1249 3356 bruni-sgerh
1275 3308 1306 3337 Β
1321 3309 1352 3338 2.
1450 3306 1484 3347 f)
1508 3307 1684 3357 obacrum¹
1704 3308 1733 3337 A
1749 3307 1781 3337 2.
1808 3307 1840 3337 Β
1858 3309 1888 3338 1.
1913 3308 1946 3339 2.
2034 3304 2072 3346 g)
2095 3306 2187 3337 decet
2477 3335 2481 3359 5

305 3346 336 3377 A
351 3347 386 3380 2:
421 3354 561 3385 angarii
582 3347 613 3377 A
630 3347 662 3378 3.
750 3346 791 3386 11)
820 3347 934 3378 buch1
956 3349 986 3379 A
1004 3349 1036 3380 2.
1132 3350 1159 3389 1)
1192 3349 1352 3380 branone
1375 3350 1407 3380 Β
1424 3350 1455 3382 3.
1551 3350 1592 3387 k)
1624 3357 1770 3380 uuisara.
1792 3349 1823 3380 A
1841 3351 1871 3380 1.
1960 3347 1988 3389 l)
2018 3348 2082 3380 sed
2104 3349 2135 3380 A
2151 3350 2183 3379 2.
2478 3375 2480 3378 .

306 3386 356 3428 m)
387 3388 563 3420 estfaluos
587 3390 619 3420 Β
634 3390 672 3427 2;
703 3388 746 3420 de
768 3390 965 3420 westfalais
988 3392 1018 3422 A
1035 3392 1067 3424 3.
1164 3391 1202 3431 11)
1234 3395 1357 3423 coacta
1380 3392 1409 3423 A
1427 3395 1459 3423 1.
1483 3391 1515 3424 2.
1619 3391 1654 3431 ο)
1684 3400 1859 3423 reversus
1883 3394 1939 3423 est
1961 3392 1991 3423 A
2008 3393 2038 3425 2.
2061 3392 2099 3431 33
2130 3394 2186 3423 est

305 3438 385 3462 reV.
409 3432 441 3462 Β
457 3432 488 3462 3.
578 3431 615 3472 p)
637 3431 848 3469 rotgauldus
873 3432 903 3462 A
921 3435 950 3464 1.
1041 3433 1080 3473 q)
1111 3434 1318 3465 scleczistat
1340 3434 1370 3465 A
1389 3436 1418 3465 1.
1444 3435 1474 3465 2.
1552 3433 1584 3474 r)
1609 3434 1756 3466 elizatio
1779 3434 1810 3465 A
1829 3437 1858 3465 1.
1884 3435 1916 3466 3.
1994 3433 2025 3474 s)
2055 3434 2186 3464 foroiu-

305 3473 483 3504 lianorum
505 3473 536 3504 A
553 3474 585 3506 3.
686 3474 713 3513 t)
737 3473 907 3505 decollari
931 3475 961 3506 A
977 3475 1008 3507 2.
1034 3477 1066 3508 3.
1173 3476 1210 3517 u)
1234 3485 1302 3515 que
1327 3476 1422 3508 deest
1444 3477 1474 3507 A
1492 3479 1522 3508 1.
1633 3477 1672 3518 v)
1695 3476 1927 3516 herespurgh
1952 3477 1982 3507 A
2002 3480 2039 3516 13
2062 3476 2186 3508 heres-

306 3516 400 3554 burg
422 3516 452 3547 A
470 3517 500 3547 2.
591 3515 636 3557 w)
659 3517 825 3548 omnibus
851 3517 880 3548 A
898 3519 959 3549 1α,
