2491 3724
388 173 475 216 XII
966 166 1293 213 REGINONIS
1325 165 1687 211 CHRONICON.

528 300 573 349 A
605 302 629 351 1
647 318 684 350 e.
726 298 880 349 cocleoc
915 295 1315 346 Vindobonensis
1339 313 1384 344 n.
1407 293 1545 346 3522
1571 312 1701 348 saec.
1724 295 1772 343 X
1787 295 1838 347 V.
1866 294 1947 362 (in
1972 294 2047 347 ed.
2066 292 2263 344 Pertzii

387 404 435 434 n.
465 384 555 451 12)
594 383 878 450 descriptus
916 399 978 431 esc
1017 379 1184 430 codice
1223 378 1273 428 A
1303 378 1408 440 ld,-

528 480 689 548 Alf
729 480 886 530 coclea·
922 478 1234 529 Mutinensis
1270 476 1347 528 VI
1371 476 1424 527 F
1443 477 1492 539 5,
1532 476 1621 544 qui
1658 493 1794 527 anno
1828 477 1979 529 1093.
2017 484 2263 527 eocaratus

385 585 542 617 unum·
602 565 787 615 librum
852 564 1079 632 priorem
1140 581 1251 613 cum
1317 561 1486 613 Gestis
1549 561 1846 630 pontificum
1907 561 2264 612 Romanorum

387 651 628 714 continet;

525 735 574 784 A
601 736 689 803 19.
731 734 845 784 vide
884 733 1041 784 B2l.

527 819 576 869 A
601 820 648 869 2.
690 818 846 870 codeoc
884 818 1164 869 Parisinus
1202 837 1249 868 n.
1277 819 1415 871 5018
1454 836 1582 871 saec.
1609 815 1704 868 XI.
1784 817 1886 867 Hic
1925 816 2075 880 liber,
2122 834 2265 884 quem

386 905 556 957 saneti
607 903 862 970 Stephani
913 903 1167 972 (fortasse
1210 901 1712 970 Halberstaclensis),
1753 911 1932 971 postea
1971 901 2030 951 P.
2063 901 2267 952 Pithoei

384 999 428 1041 et
467 991 571 1041 Iac.
609 990 743 1058 Au9.
778 989 991 1039 leuani
1015 988 1188 1056 fuisse
1221 1006 1283 1039 ew
1318 988 1432 1056 ipso
1469 987 1826 1055 perspicimus,
1865 986 2129 1037 clauditur
2158 987 2266 1037 iam

385 1094 431 1125 a.
461 1075 577 1128 867.
618 1074 782 1126 verbis
819 1074 1015 1125 iterato
1057 1072 1261 1124 erudeli
1298 1089 1617 1138 nequaquam
1659 1070 1883 1121 mutilus.

523 1174 573 1223 A
599 1174 681 1225 2²³.
716 1192 750 1224 a
781 1193 857 1225 me
887 1174 1122 1242 siynatus
1152 1180 1222 1224 est
1251 1172 1387 1223 iclem
1412 1171 1569 1221 codex
1592 1169 1962 1235 Einsicllensis,
1993 1171 2084 1240 qui
2113 1171 2265 1239 infra

384 1260 434 1310 B
464 1261 485 1309 1
531 1260 851 1310 nominatur:
889 1258 976 1309 ille
1015 1258 1173 1322 enim,
1220 1275 1530 1325 quamquam
1570 1256 1842 1307 chronicon
1882 1256 2052 1324 ipsum
2089 1275 2152 1308 eoc
2190 1274 2265 1307 co-

384 1345 495 1396 dice
526 1345 575 1395 B
612 1344 925 1412 descriptum
962 1343 1124 1407 habet,
1164 1351 1330 1393 tamen
1362 1341 1795 1393 continuationem
1833 1360 1856 1391 e
1889 1340 2058 1392 coelice
2097 1340 2147 1392 A
2180 1358 2265 1409 pe-

383 1431 530 1480 titam
579 1448 732 1497 usque
779 1430 850 1480 acl
895 1448 942 1480 a.
972 1430 1090 1481 939.
1139 1429 1379 1492 continet,
1429 1428 1519 1479 ubi
1567 1427 1832 1478 clauditur
1877 1427 2042 1479 verbis
2082 1425 2265 1494 Capri-

388 1518 622 1566 montem
663 1513 941 1566 obsidione
979 1515 1036 1564 in
1058 1514 1169 1581 fine
1208 1514 1435 1565 mutilus.

527 1613 576 1663 A
601 1614 647 1665 3.
691 1614 848 1665 coclezc
872 1613 1150 1664 Parisinus
1185 1614 1376 1677 11851,
1410 1613 1543 1664 inter
1568 1611 2037 1682 Sanqermmzenses
2067 1632 2115 1665 n.
2143 1613 2266 1678 440,

387 1701 418 1751 i.
442 1719 479 1751 e.
509 1700 664 1751 coclea]
688 1698 1040 1767 autographus
1065 1698 1374 1750 Annalistae
1404 1698 1630 1750 Saoeonis
1663 1696 1784 1766 (SS.
1810 1698 1888 1750 VI
1873 1699 1926 1767 ),
1951 1700 2096 1768 apud
2119 1718 2266 1768 quem

383 1785 448 1835 ab
487 1803 533 1835 a.
563 1784 680 1836 741.
721 1784 854 1835 inter
891 1784 1025 1834 alios
1050 1783 1227 1851 fontes
1265 1785 1416 1835 liuius
1446 1803 1634 1853 quoque
1665 1785 1893 1836 chronici
1929 1793 1974 1836 et
2004 1786 2266 1836 continua-

384 1870 539 1920 tionis
587 1868 819 1919 maccima
877 1887 1005 1937 pars
1065 1887 1127 1919 eoe
1181 1868 1475 1920 Annalibus
1527 1869 1999 1939 Nienbuiyensibus
2058 1870 2266 1922 amissis

383 1963 585 2006 servata
623 1962 693 2005 est
731 1955 808 2005 ita
838 1954 909 2005 acl
940 1953 1145 2004 verbum
1175 1953 1453 2023 descripta,
1491 1963 1546 2005 ut
1583 1955 1717 2006 inter
1755 1955 1950 2007 codices
1981 1955 2268 2024 Reyinonis

386 2040 734 2091 numerandus
771 2040 850 2090 sit.
928 2039 1084 2090 Finis
1129 2040 1530 2091 continuationis
1569 2041 1799 2092 omnibus
1844 2040 1970 2091 aliis
2009 2040 2267 2090 codicibus

388 2124 730 2191 deficientibus
768 2125 857 2175 hoc
894 2143 993 2175 uno
1039 2124 1283 2174 traditur.
1364 2124 1596 2177 Annales
1635 2125 2100 2194 Maycleburyenses
2139 2122 2263 2192 (SS.

389 2209 574 2276 XVI),
621 2210 711 2277 qui
747 2209 853 2277 ipsi
891 2227 1081 2277 quoque
1119 2228 1142 2259 e
1181 2208 1657 2278 Nienburyensibus
1694 2211 1988 2274 hauserunt,
2025 2210 2174 2276 fonte
2212 2228 2267 2260 eo

387 2304 532 2346 tanta
564 2314 674 2346 cum
713 2294 941 2346 libertate
971 2295 1055 2346 usi
1086 2303 1216 2359 sunt,
1255 2302 1311 2345 ut
1341 2294 1482 2346 nobis
1514 2295 1603 2346 hoc
1635 2295 1741 2346 loco
1773 2295 1967 2346 nullius
1998 2296 2101 2346 sint
2130 2314 2263 2347 usus.

529 2394 593 2445 Β.
642 2394 825 2446 Omnes
849 2395 1000 2446 ceteri
1024 2395 1217 2446 codices
1242 2395 1304 2445 ab
1330 2413 1430 2445 uno
1454 2395 1681 2463 eoeemplo
1699 2395 2003 2446 derivantur
2021 2394 2153 2463 (cod.
2173 2394 2267 2463 B),

389 2481 476 2548 qui
516 2499 614 2532 non
652 2482 760 2532 iam
799 2489 979 2534 exstat.
1062 2479 1221 2531 Cuius
1259 2482 1368 2531 tria
1406 2489 1521 2531 sunt
1559 2480 1793 2548 ezcempla
1833 2479 1882 2529 Β
1911 2480 2093 2532 l——3:

530 2579 579 2628 B
606 2582 649 2632 1.
692 2580 849 2631 cocleoc
887 2579 1236 2631 Einsicllensis
1275 2599 1322 2631 n.
1350 2579 1453 2632 359
1492 2598 1621 2631 saec.
1658 2579 1722 2630 X.
1764 2579 2021 2644 eoeeuntis;
2072 2579 2134 2631 cle
2171 2597 2268 2649 quo

389 2663 455 2732 cf.
498 2664 545 2714 A
574 2665 654 2718 2²¹².
723 2664 811 2715 Ecc
849 2684 903 2716 eo
939 2665 1159 2734 pendent
1197 2666 1250 2716 hi
1288 2673 1413 2717 tres:

533 2764 583 2814 B
605 2767 627 2815 1
647 2784 693 2815 a.
723 2765 878 2816 coclea:
900 2764 1177 2816 Parisinus
1201 2784 1247 2815 n.
1265 2764 1405 2818 5016
1430 2783 1557 2816 saec.
1580 2764 1673 2815 XI.
1703 2765 1783 2832 (in
1808 2764 1882 2814 ecl.
1905 2762 2102 2813 Pertzii
2116 2781 2164 2814 n.
2180 2764 2213 2812 6
2213 2763 2239 2829 )
2249 2781 2268 2828 ‚-

534 2863 583 2911 Β
614 2863 694 2914 lb.
737 2864 893 2914 codeoe
931 2864 1192 2915 Min-ensis
1229 2883 1357 2915 saec.
1388 2865 1530 2928 XII„
1572 2865 1662 2933 qui
1701 2863 1974 2914 chronicon
2013 2881 2075 2913 eac
2113 2862 2269 2930 Reyi-

392 2966 541 3011 none,
583 2949 901 2999 Herimanno
941 2948 1220 3018 Aufiensi,
1271 2949 1556 3014 Bernolclo,
1610 2948 1894 3000 Bertholdo
1939 2946 2270 3014 compilatum

394 3051 504 3082 cnm
553 3032 846 3084 Annalibus
887 3033 939 3084 S.
976 3034 1157 3085 Blasii
1208 3034 1516 3098 continebat,
1565 3052 1699 3084 nunc
1745 3040 1912 3083 autem
1960 3031 2270 3082 monasterio

391 3118 625 3167 Min-ensi
663 3136 710 3170 a.
740 3119 891 3170 1841.
931 3118 1126 3168 sublato
1165 3119 1314 3183 latet;

535 3215 584 3265 B
612 3219 633 3267 1
653 3234 691 3265 c.
733 3216 890 3266 cocleae
914 3215 1336 3284 Enqelberyensis
1360 3235 1487 3270 saec.
1507 3215 1632 3269 XII.
1657 3235 1679 3267 e
1704 3216 1944 3266 Murensi
1967 3215 2268 3284 descriptus.

536 3315 586 3364 B
612 3316 656 3364 2.
698 3314 853 3366 cocleae
894 3315 1288 3384 Sch.afl2uscmics
1326 3335 1373 3366 n.
1408 3318 1504 3368 109
1544 3334 1669 3366 saec,
1699 3314 1762 3364 X.
1805 3314 2034 3365 exeuntis
2073 3315 2155 3381 (in
2192 3316 2269 3365 ecl.

394 3400 589 3451 I'ertzii
626 3419 674 3451 n.
707 3400 725 3448 1
728 3400 778 3467 )‚
806 3399 1036 3468 sortasse
1083 3401 1312 3452 Treviris
1350 3408 1612 3451 exaratus.
1690 3398 1776 3449 Ea]
1814 3417 1868 3449 eo
1899 3398 2172 3467 fluoeerunt
2217 3399 2272 3450 Izi

393 3485 622 3536 unclecim
636 3503 651 3534 .·
