2491 3724
638 140 966 185 REGINONIS
997 142 1358 187 CHRONICON.
1418 143 1471 187 A.
1496 145 1749 189 786—787.
2068 151 2122 193 55

262 272 314 310 et
353 266 475 310 inde
517 267 668 309 misit
708 269 808 321 post
847 267 1210 312 widichinduma
1252 272 1298 313 et
1339 269 1618 314 Abbionemb
1658 273 1702 313 et
1738 273 1943 327 utrosque
1986 273 2040 315 ad
2078 287 2121 316 se
2147 282 2240 314 Ann.
2267 283 2372 314 Laur.

261 323 394 366 fecit
435 323 641 373 venire3
686 337 811 379 quos
853 328 1188 368 sacramento
1229 326 1439 376 firmavit⁷
1481 330 1532 369 ut
1569 327 1614 369 in
1654 327 1887 370 Franciam
1931 328 1986 370 ad
2024 343 2122 372 eum

260 379 522 422 venirent.
584 377 681 430 Qui
713 382 943 434 acceptis
976 381 1254 424 obsidibus
1286 382 1372 424 ad<²
1395 382 1683 425 Adtiniacum
1708 383 1764 426 ad
1787 397 1937 438 regem
1969 398 2122 427 vene-

260 438 383 478 runt
406 435 575 490 ibique
601 435 819 489 baptizati
843 440 966 486 sunt;
1000 437 1075 479 etd
1097 441 1201 480 tunc
1224 441 1320 481 tota
1338 438 1526 481 Saxonia
1548 440 1786 494 subiugata
1806 443 1872 482 est
1889 440 2121 483 Francis.

259 492 318 534 Et
347 492 393 534 in
425 492 577 534 eadem
608 493 716 535 villa
747 493 987 536 celebravit
1017 507 1091 535 rex
1122 494 1317 536 natalem
1349 495 1528 537 Domini
1559 501 1603 538 et
1634 496 1795 549 pascha
1825 497 2047 539 similiter.

401 561 548 604 Anno
582 561 880 605 dominicae
918 564 1315 605 incarnationis
1347 563 1700 608 DCCLXXXVI.
1761 564 1971 608 Caroluse
2000 567 2123 609 misit

260 619 496 661 exercitum
527 632 652 660 suum
683 619 885 672 partibus
916 618 1227 661 Brittanniaef
1259 633 1347 662 una
1378 634 1476 662 cum
1507 622 1637 663 misso
1675 635 1750 664 suo
1782 620 1948 666 Odulfo
1979 624 2122 676 prin-

260 675 373 728 cipe
405 674 748 725 cocorumg·l;
779 675 871 717 ubi
900 675 1069 717 multa
1101 675 1364 717 castellah
1389 676 1692 731 adquisierunt
1714 678 1872 721 Franci
1903 682 1947 722 et
1978 692 2123 722 eorum

258 732 519 784 primates
549 733 1002 784 representaverunt
1033 731 1346 774 Wormatiami
1385 734 1480 786 regi
1518 734 1570 775 in
1601 734 1817 787 publico
1849 738 2121 778 conventu.

258 788 380 829 Tunc
416 801 490 829 rex
526 787 712 830 videns
751 800 796 829 se
836 801 884 829 ex
922 787 1041 829 omni
1071 791 1197 840 parte
1227 801 1379 841 pacem
1419 788 1592 839 habere,
1633 791 1846 833 Romam
1884 792 2124 845 perrexit

258 844 468 886 orationis
500 856 629 885 causa
661 845 716 893 et,
748 845 805 885 ut
835 842 913 885 ibi
945 856 1042 885 cum
1066 843 1211 886 missis
1234 844 1514 898 imperatoris
1547 846 1873 902 colloquium
1904 847 2122 897 haberet;

259 904 303 942 et
333 899 575 942 celebravit
605 900 802 941 natalem
833 899 1012 942 Domini
1043 900 1089 942 in
1121 900 1348 943 Florentia
1380 902 1576 945 civitate.

403 968 544 1012 Anno
569 969 866 1012 dominicae
890 970 1288 1013 incarnationis
1304 969 1684 1015 DCCLXXXVII.
1709 971 1922 1016 Carolusk
1938 973 2122 1017 Romam

256 1027 378 1069 venit
420 1028 463 1068 et
506 1040 530 1068 a
572 1025 841 1080 pontifice
883 1025 1079 1069 Adriano
1120 1026 1376 1070 honorificel
1414 1032 1659 1082 susceptus
1699 1032 1785 1079 est;
1824 1029 1914 1072 ubi
1953 1029 2123 1086 aliquot

257 1082 349 1125 dies
380 1085 576 1125 moratus
608 1084 685 1124 est.
759 1081 902 1134 Quod
933 1096 1043 1125 cum
1088 1082 1331 1126 audisset
1361 1083 1704 1138 Herigisusm-2
1735 1085 1819 1128 dux
1850 1086 2123 1130 Beneventa-

255 1147 480 1189 norumn,
506 1139 726 1181 timore0
749 1140 1077 1193 perterritus
1101 1140 1226 1182 misit
1245 1140 1507 1183 Romaldum
1526 1141 1667 1184 filium
1687 1156 1813 1184 suum
1833 1155 1928 1185 cum
1950 1144 2123 1198 magnis

256 1196 507 1238 muneribus
540 1195 602 1238 ad
631 1209 828 1249 regem,
870 1196 1124 1249 postulans
1162 1210 1339 1250 pacem
1379 1200 1462 1239 etp
1492 1199 1816 1251 promittens
1854 1212 1904 1241 se
1938 1213 2123 1242 omnem

256 1252 543 1295 voluntatem
576 1251 687 1294 eius
718 1251 999 1295 facturum.
1061 1251 1145 1294 Sed
1169 1253 1251 1295 his
1276 1254 1621 1296 suasionibus
1652 1255 1833 1297 minime
1859 1256 2123 1309 apostolicus

255 1308 492 1358 credidit,
535 1307 625 1350 sed
666 1308 836 1362 magis
879 1308 1132 1351 hortatus
1176 1312 1256 1351 est
1298 1323 1496 1363 regem,
1545 1313 1603 1352 ut
1644 1310 1943 1354 Beneventi
1984 1311 2123 1354 fines

255 1365 510 1414 intraret,
551 1364 687 1419 quod
718 1367 768 1407 et
799 1364 943 1407 fecit.
1011 1366 1069 1407 Et
1100 1377 1210 1406 cum
1243 1364 1439 1419 Capuam
1470 1367 1675 1414 venisset,
1715 1367 1991 1422 Herigisusq
2023 1369 2124 1410 reli-

255 1422 354 1476 quit
392 1422 693 1464 Beneventum
733 1423 777 1463 et
814 1421 860 1463 in
892 1420 1121 1463 Salernum
1154 1422 1381 1464 secessit
1418 1421 1603 1477 ibique
1642 1436 1693 1465 se
1725 1424 1970 1467 munivit.
2030 1424 2124 1467 Ex-

253 1477 376 1519 inde
408 1477 558 1519 misit
588 1475 769 1518 silium
799 1486 976 1519 suuml'
998 1477 1523 1521 Grimaldum-—nams
1547 1478 1838 1522 Rumaldumt
1875 1494 1948 1523 rex
1979 1494 2123 1523 secum

256 1532 552 1583 retinebat,
581 1556 630 1560 —
665 1546 774 1575 cum
805 1534 1015 1588 magnis
1047 1534 1376 1585 muneribus,
1415 1534 1650 1578 offerens
1682 1535 1894 1578 obsides
1928 1540 1978 1580 et
2009 1551 2124 1590 pro-

255 1590 480 1632 mittens
520 1602 718 1632 omnem
756 1589 1117 1639 fidelitatem,
1156 1593 1367 1633 tantum
1398 1593 1456 1633 ut
1495 1591 1556 1634 ab
1589 1592 1984 1646 inpugnatione
2016 1607 2124 1636 ces-

252 1648 412 1688 saret.
501 1645 621 1688 Tunc
667 1659 740 1688 rex
785 1659 896 1689 cum
943 1647 1222 1689 consultuu
1268 1647 1519 1690 fidelium
1564 1650 1615 1691 et
1660 1648 2016 1699 sacerdotum,
2064 1663 2123 1693 ne

253 1702 471 1756 penitus
511 1703 731 1756 episcopia
771 1705 821 1745 et
860 1704 1128 1746 monasteria
1167 1703 1604 1755 devastarentur,
1648 1705 1787 1760 elegit
1823 1705 1913 1748 XII
1952 1706 2122 1749 obsides

255 1762 299 1801 et
313 1759 499 1801 tertium
517 1759 735 1801 decimum
751 1759 890 1801 filium
909 1759 1153 1813 supradicti
1168 1759 1288 1802 ducis
1305 1759 1636 1812 Grimaldumv3
1656 1764 1700 1804 et
1714 1764 1893 1816 accepta
1903 1770 1932 1791 w
1944 1776 2122 1806 munera

252 1816 540 1857 iuraveruntX
578 1816 656 1858 eiy
693 1829 840 1858 omnes
877 1816 1193 1859 Beneventani.
1260 1816 1318 1859 Et
1355 1830 1553 1859 reversus
1591 1820 1658 1860 est
1687 1818 1901 1860 Romam
1939 1819 2123 1874 ibique

255 1871 494 1914 celebravit
529 1871 692 1925 pascha
730 1885 826 1913 cum
865 1872 1078 1925 presule
1110 1872 1251 1914 sedis
1291 1873 1582 1926 apostolicae.
1648 1874 1923 1917 Venerunt
1961 1875 2122 1917 etiam

254 1928 307 1969 in
349 1927 526 1970 eodem
568 1928 680 1970 loco
721 1928 843 1970 missi
877 1928 1145 1972 Tassilonisz
1175 1927 1350 1971 Arnusa
1381 1930 1605 1984 episcopus
1637 1932 1682 1972 et
1711 1931 1932 1974 Hunricus
1964 1931 2123 1976 abbab.

252 1986 507 2038 rogantes
538 1997 748 2038 papam,
789 1987 840 2027 ut
869 1998 1020 2038 pacem
1052 1984 1257 2028 faceret
1295 1986 1557 2042 litemque
1594 1987 1856 2030 terminaret
1894 1987 2011 2030 inter
2040 1986 2119 2030 Ca-

252 2040 392 2082 rolum
424 2054 574 2096 regem
606 2043 650 2083 et
680 2039 951 2084 Tassilonem
982 2041 1146 2084 ducem.
1208 2042 1305 2084 Exc
1337 2056 1436 2097 qua
1466 2056 1622 2085 causa
1653 2043 1844 2086 multum
1875 2047 2118 2087 certatus

254 2096 365 2139 estd
407 2097 684 2151 apostolicus
756 2097 847 2139 Rex
890 2100 1065 2140 autem
1108 2097 1169 2140 ad
1211 2099 1491 2151 postulata
1532 2099 1770 2153 respondit,
1813 2114 1857 2142 se
1899 2100 2006 2143 hoee
2043 2114 2121 2154 per

28 2157 102 2197 *10-
123 2160 226 2191 5600.
252 2153 394 2196 multa
423 2157 623 2207 tempora
647 2153 879 2208 quaesisse,
911 2152 1028 2196 *sed
1058 2155 1242 2197 minime
1273 2155 1545 2208 optineref
1579 2157 1818 2209 potuisse:
1850 2171 1909 2199 ne
1944 2160 2121 2200 tamen

253 2209 601 2253 inoboediens
644 2209 923 2252 videretur
964 2219 1109 2253 esseg
1149 2211 1370 2254 monitis
1413 2212 1753 2265 apostolicis,
1796 2214 2030 2256 asseruit
2069 2227 2119 2256 se

253 2266 300 2308 in
322 2265 578 2320 presentiah
602 2265 836 2308 eiusdem
861 2280 1028 2320 papae
1052 2268 1172 2310 cumi
1203 2267 1401 2310 eisdem
1425 2268 1570 2310 missis
1593 2281 1745 2322 pacem
1768 2269 1910 2312 velle
1932 2270 2120 2312 firmare.

253 2322 380 2364 Illis
428 2326 603 2365 autem
649 2323 935 2365 renuentibus
982 2326 1145 2379 atque
1192 2324 1503 2366 dicentibus
1549 2338 1649 2367 non
1694 2339 1746 2367 se
1792 2325 1985 2369 audere
2029 2340 2121 2380 pro

254 2380 461 2422 seniore
507 2379 889 2422 definitivamk
932 2380 1170 2434 proferre
1215 2381 1545 2423 sententiam
1590 2395 1756 2437 neque
1802 2396 1853 2424 se
1897 2382 1962 2425 ad
1999 2382 2121 2425 hoc¹

254 2435 555 2478 destinatos
595 2449 726 2486 esse,
769 2435 956 2478 videns
988 2437 1251 2490 apostolicus
1289 2436 1467 2480 fictam
1501 2437 1727 2480 mendatia
1759 2441 1809 2481 et
1840 2452 2119 2494 cognoscens

253 2491 614 2534 instabilitatem
666 2491 813 2534 ducis
865 2493 1040 2536 iratus
1093 2493 1539 2536 anathematizavit
1590 2494 1895 2548 predictum
1941 2495 2119 2538 Tassi-

254 2546 425 2589 lonem
472 2551 523 2590 et
568 2561 747 2590 omnes
792 2548 883 2591 illi
930 2549 1196 2600 faventes,
1243 2551 1352 2593 nisi
1404 2549 1764 2601 fidelitatem,
1819 2565 1970 2606 quam
2024 2553 2118 2606 regi

255 2602 442 2656 Pippino
484 2607 530 2646 et
569 2603 692 2646 filio
734 2605 845 2647 eius
886 2603 1075 2648 Carolon
1114 2607 1390 2660 promiserat,
1432 2619 1525 2660 per
1564 2607 1739 2649 omnia
1779 2607 2118 2653 observaret:

254 2662 524 2702 contestans
562 2673 653 2713 per
684 2660 891 2703 eosdem
921 2663 1074 2705 missos
1113 2662 1332 2705 eundem
1362 2663 1532 2705 virum
1572 2666 1624 2705 et
1662 2677 1895 2714 monens,
1938 2677 1999 2706 ne
2030 2678 2119 2717 per

256 2716 366 2757 eius
408 2715 815 2759 obdurationem
857 2720 910 2760 et
945 2718 1236 2771 perfidiam
1274 2719 1497 2773 sanguis
1536 2719 1959 2762 christianorum
2000 2719 2118 2762 fun-

256 2770 473 2814 deretur
504 2774 555 2815 et
584 2775 732 2815 terra
762 2772 1152 2817 devastaretur.
1212 2775 1271 2817 Et
1293 2776 1330 2817 si
1353 2775 1446 2828 ipse
1471 2774 1555 2817 dux
1578 2775 1890 2818 nullatenus
1915 2776 2117 2819 oboedire

255 2828 442 2879 vellet,
467 2831 571 2872 tunc
594 2827 805 2872 Carolus¹¹
831 2831 875 2872 et
899 2831 1110 2873 exercitus
1134 2831 1247 2873 eius
1272 2830 1463 2874 absoluti
1487 2834 1645 2874 essent
1674 2845 1699 2875 a
1722 2832 1761 2874 D
1779 2845 1834 2874 eo
1859 2835 1909 2875 et
1933 2836 2117 2875 sancto

253 2940 289 2979 a)
326 2940 445 2971 widik.
471 2939 502 2970 A
518 2941 548 2972 3.
656 2940 694 2980 b)
731 2941 914 2972 albionem
939 2941 968 2972 A
985 2943 1017 2973 3.
1043 2943 1074 2973 Β
1089 2943 1128 2981 2;
1165 2941 1334 2973 albonem
1356 2941 1387 2972 A
1403 2943 1439 2981 23
1470 2944 1637 2974 abionem
1661 2944 1692 2974 Β
1710 2946 1741 2975 1.
1851 2944 1884 2982 c)
1923 2944 2011 2976 deest
2035 2946 2067 2976 B
2083 2946 2116 2976 2.

253 2982 290 3022 d)
320 2986 354 3014 et
383 2986 470 3014 tunc
500 2985 574 3014 tota
603 2985 638 3013 et
665 2984 704 3012 in
729 3000 767 3004 —
791 2984 961 3015 similiter
991 2984 1149 3016 Saxonia
1171 3001 1213 3007 —
1235 2985 1389 3015 Francis
1419 2986 1451 3015 Β
1471 2987 1485 3015 1
1520 2985 1625 3024 (corr.
1651 2989 1687 3016 et
1716 2987 1752 3016 in
1777 3003 1818 3008 —
1843 2987 2022 3018 similiter.
2074 2988 2120 3018 Et

251 3028 338 3055 tunc
360 3028 384 3056 t.
411 3024 494 3057 Sax.
518 3042 559 3047 —
582 3025 744 3064 francis).
770 3027 800 3056 2.
907 3025 940 3064 e)
973 3026 1125 3058 Carolus
1147 3044 1189 3049 —-
1212 3035 1376 3058 cocorum
1401 3037 1442 3058 ea:
1466 3027 1590 3058 Ekkeh.
1617 3030 1759 3059 mutavit
1782 3028 1812 3059 A
1828 3030 1858 3060 3.
1964 3029 1992 3069 f)
2023 3029 2117 3060 brin-

253 3069 398 3098 tanniae
427 3068 452 3098 B
468 3069 500 3098 2.
603 3069 639 3105 g)
663 3076 856 3106 coquorum
880 3069 910 3099 A
926 3070 958 3100 2.
1061 3069 1104 3110 h)
1130 3073 1247 3100 castra
1270 3070 1301 3100 B
1317 3070 1349 3100 2.
1450 3070 1477 3109 i)
1501 3078 1613 3100 norm.
1641 3070 1672 3101 A
1688 3071 1718 3101 2.
1826 3071 1866 3110 k)
1891 3071 2047 3102 Karolus
2074 3072 2114 3102 A.

252 3110 279 3143 l)
302 3111 393 3141 deest
414 3112 444 3141 A
462 3113 492 3141 1.
539 3109 589 3150 m)
613 3111 802 3148 erengisus
826 3111 858 3141 Β
873 3112 904 3142 3.
952 3110 990 3151 n)
1011 3112 1296 3143 beneventorum
1320 3113 1353 3142 B
1368 3113 1399 3143 2.
1455 3112 1488 3151 o)
1513 3116 1548 3143 et
1569 3113 1644 3142 tim.
1671 3114 1702 3143 Β
1719 3113 1749 3143 2.
1804 3117 1839 3152 p)
1865 3113 1957 3145 deest
1979 3114 2011 3144 Β
2027 3115 2058 3145 2.
2084 3115 2115 3146 3.

253 3150 290 3192 q)
312 3153 469 3191 erigisus
492 3155 524 3184 B
540 3155 570 3184 3.
639 3153 670 3193 r)
692 3152 783 3184 deest
805 3154 837 3184 B
853 3156 883 3184 1.
909 3154 940 3183 2.
1011 3153 1042 3191 s)
1066 3163 1147 3185 nam
1165 3171 1206 3176 --
1223 3154 1402 3185 retinebat
1425 3153 1552 3186 desunt
1574 3155 1605 3185 Β
1621 3156 1652 3186 3.
1714 3153 1741 3194 t)
1764 3155 1963 3186 romaldum
1987 3156 2017 3186 A
2034 3158 2063 3186 2.
2083 3158 2113 3187 3.

253 3194 291 3233 u)
314 3195 476 3226 consulto
499 3195 540 3226 A.
651 3194 690 3235 v)
713 3196 940 3234 grimaudum
964 3197 996 3227 Β
1011 3197 1043 3227 3.
1153 3195 1200 3236 w)
1223 3198 1361 3234 accepit
1384 3197 1425 3227 A.
1528 3198 1566 3236 x)
1598 3197 1644 3227 Et
1666 3197 1737 3228 iur.
1760 3197 1802 3228 A.
1906 3199 1944 3237 y)
1979 3202 2013 3229 et
2035 3199 2066 3229 Β
2083 3200 2114 3229 2.

253 3237 288 3276 z)
325 3237 448 3268 thasil.
474 3238 539 3268 B3
569 3246 714 3278 semper;
745 3239 1002 3270 mistassilonis
1033 3240 1112 3270 Β2.
1219 3240 1253 3277 a)
1282 3242 1406 3270 artnus
1439 3240 1480 3270 B.
1585 3239 1621 3276 b)
1650 3240 1764 3271 abbas
1787 3240 1828 3270 A.
1934 3243 1969 3278 c)
2002 3241 2116 3271 Ex—

253 3279 438 3318 respondit
460 3288 500 3310 ea:
522 3279 648 3311 Eklceh.
669 3282 812 3311 mutavit
835 3281 866 3311 A
881 3282 911 3312 3.
1007 3280 1043 3321 d)
1073 3281 1272 3312 decertavit
1293 3282 1325 3312 Β
1341 3283 1371 3312 2.
1469 3281 1504 3320 e)
1535 3281 1626 3313 deest
1649 3281 1679 3312 A
1697 3284 1725 3312 1.
1824 3282 1855 3321 f)
1887 3283 2047 3314 obtinere
2072 3282 2112 3312 A.

254 3319 290 3358 g)
313 3321 404 3352 deest
425 3321 454 3351 A
470 3323 501 3353 2.
590 3320 630 3361 h)
659 3323 697 3353 in
722 3323 837 3354 eiusd.
861 3332 896 3361 p.
921 3331 1015 3362 pres.
1041 3324 1083 3354 A.
1172 3324 1198 3355 i)
1231 3332 1312 3354 cum
1328 3341 1369 3345 —
1384 3332 1501 3363 neque
1525 3333 1563 3355 se
1586 3325 1630 3355 ad
1653 3324 1780 3355 desunt
1803 3325 1833 3355 A
1850 3326 1881 3356 2.
1970 3325 2009 3365 k)
2040 3323 2116 3354 difi-

253 3362 405 3393 nitivam
428 3364 460 3393 B
476 3366 510 3402 13
544 3362 660 3395 diffin.
685 3365 717 3395 Β
733 3366 763 3395 2.
852 3364 880 3404 l)
903 3365 995 3396 haec
1018 3366 1048 3395 A
1064 3366 1094 3396 2.
1185 3365 1234 3405 m)
1258 3366 1357 3397 facta
1380 3367 1411 3397 Β
1427 3368 1457 3397 2.
1547 3365 1585 3406 n)
1609 3367 1695 3398 Kar.
1721 3366 1751 3397 A
1775 3376 1912 3406 semper.

256 3446 297 3498 1)
330 3446 565 3490 sinescalco
598 3448 715 3491 Ann.
739 3452 881 3493 Laur.
997 3450 1040 3500 2)
1071 3449 1223 3505 Arigis
1256 3451 1375 3494 Ann.
1401 3453 1544 3494 Laur.
