2491 3724
872 690 954 769 Ex
999 688 1317 769 EPISTULA
1359 687 1705 768 REGINQNIS

532 839 608 899 DE
656 837 1019 899 HARMONICA
1065 836 1493 898 INSTITUTIONE
1539 837 1621 896 AD
1666 836 2045 897 RATHBODUM

845 936 1371 997 ARCHIEPISGOPUM
1416 933 1730 996 ΒΙΒΕΟΤΑ.1

352 1161 581 1205 INCIPIT
630 1159 919 1204 EPISTOLA
966 1161 1044 1203 DE
1089 1158 1406 1203 ARMONICA
1453 1158 1884 1202 INSTITUTIONE
1927 1159 2102 1203 MISSA
2144 1160 2226 1203 AD

570 1231 950 1275 RATHBODUM
996 1229 1527 1274 ARCHIEPISCOPUM
1573 1230 2008 1273 TREVERENSEM

877 1302 915 1346 A
962 1301 1272 1345 REGINONE
1317 1299 1699 1344 PRESBITERO.

496 1401 956 1453 Excellentissimo
1011 1400 1225 1452 domino
1280 1399 1562 1452 Rathbodo
1616 1403 1835 1452 sanctae
1888 1400 2229 1452 Treverensis

353 1474 614 1526 aeclesiae
659 1473 1064 1540 archiepiscopo
1111 1472 1311 1540 Regino
1358 1471 1605 1523 devotum
1653 1471 1967 1538 obsequium
2013 1472 2069 1523 in
2109 1489 2229 1540 per-

351 1551 585 1613 petuum.
663 1544 796 1595 Cum
835 1544 1143 1611 frequenter
1181 1544 1236 1595 in
1274 1543 1504 1595 aeclesia
1535 1548 1743 1596 vestrae
1774 1543 2001 1595 diocesis
2034 1543 2229 1595 chorus

351 1616 695 1684 psallentium
733 1614 1059 1681 psalmorum
1099 1613 1384 1667 melodiam
1424 1614 1660 1666 confusis
1697 1619 1976 1667 resonaret
2012 1613 2230 1666 vocibus

352 1691 571 1755 propter
621 1686 1011 1738 dissonantiam
1062 1686 1178 1738 toni
1229 1689 1283 1738 et
1330 1703 1424 1752 pro
1474 1685 1841 1738 huiuscemodi
1889 1704 1946 1738 re
1995 1691 2227 1739 vestram

353 1757 748 1810 venerationem
773 1774 896 1823 sepe
924 1761 1245 1808 commotam
1269 1756 1538 1821 vidissem,
1565 1757 1768 1825 arripui
1791 1756 2230 1825 antiphonarium

355 1835 406 1881 et
452 1846 570 1879 eum
616 1846 648 1880 a
691 1828 954 1896 principio
1002 1845 1171 1895 usque
1217 1828 1273 1879 in
1319 1827 1476 1879 finem
1523 1845 1617 1894 per
1663 1828 1901 1880 ordinem
1948 1827 2232 1895 diligenter

351 1900 621 1952 revolvens
653 1898 988 1966 antiphonae,
1030 1916 1163 1967 quas
1195 1899 1249 1950 in
1283 1897 1375 1950 illo
1407 1898 1694 1951 adnotatas
1725 1898 1951 1966 repperi,
1982 1899 2230 1967 propriiS,

354 1977 412 2023 ut
450 1989 589 2034 reor,
641 1968 892 2022 distribui
937 1971 1094 2024 tonis,
1182 1969 1480 2022 Divisiones
1527 1971 1687 2023 etiam
1733 1975 2005 2035 tonorum,
2055 1969 2112 2021 id
2151 1975 2233 2023 est

354 2086 396 2137 1)
443 2086 521 2128 Ex
564 2085 708 2128 coelice
749 2086 1035 2129 bibliothecae
1075 2086 1287 2140 publicae
1328 2085 1456 2128 urbis
1493 2086 1745 2139 Lipsiensis
1789 2100 1858 2129 nr.
1890 2087 1973 2129 995
2011 2099 2129 2129 saec.
2170 2086 2229 2128 X.

345 2142 545 2196 fortasse
576 2143 870 2196 auto-arapha.
916 2145 976 2185 In
1008 2147 1126 2197 teryo
1157 2143 1315 2185 saltem
1346 2143 1443 2185 eius
1466 2142 1736 2196 inscriptum
1767 2147 1832 2186 est
1864 2156 2004 2186 manu
2034 2156 2069 2186 5.
2093 2143 2230 2186 XVI.

354 2200 531 2241 unicum
556 2199 694 2252 ipsius
719 2198 924 2242 Auctoris
947 2199 1311 2253 manuscriptum.
1356 2201 1416 2242 In
1443 2212 1550 2253 paq.
1572 2201 1706 2243 tertia
1735 2213 1878 2242 manu
1903 2214 1936 2243 s.
1954 2201 2044 2242 XI.
2076 2201 2232 2243 vineae

355 2262 696 2308 enumerantur,
736 2269 842 2311 quas
873 2255 1148 2299 Rotmundus
1187 2256 1363 2298 villicus
1400 2254 1590 2298 fratrum
1629 2255 1682 2299 de
1714 2255 1927 2299 Caimada
1956 2257 2141 2306 (Kaimt
2170 2256 2234 2300 ad

355 2314 617 2363 Effosellam)
661 2312 879 2368 quondam
912 2312 1125 2356 fratribus
1164 2312 1289 2355 dedit
1325 2313 1371 2355 in
1411 2312 1686 2356 concambio:
1734 2313 1779 2356 in
1818 2313 1934 2356 valle
1967 2313 2085 2355 Sello
2116 2314 2233 2364 (Zell

357 2371 417 2413 ad
457 2371 751 2420 iwllosellam).
812 2404 842 2420 .‚
888 2370 935 2411 in
974 2369 1223 2412 Plantone.
1286 2402 1316 2420 .‚
1363 2369 1408 2412 in
1448 2370 1720 2412 Pumeruol.
1782 2403 1811 2421 .,
1859 2370 1915 2412 ad
1946 2370 2137 2413 Laiam.

358 2427 402 2469 in
442 2426 697 2470 Nodcreia.
726 2459 794 2477 ..,
847 2427 958 2469 item
997 2427 1051 2469 ad
1091 2402 1290 2470 Laiolain
1326 2459 1335 2468 .
1361 2460 1369 2469 .
1397 2459 1428 2477 .‚
1482 2427 1527 2469 in
1565 2427 1697 2470 Vallo
1729 2461 1738 2470 .
1764 2461 1772 2469 .
1799 2459 1829 2477 .‚
1883 2428 1930 2470 in
1967 2426 2117 2470 Arteri

355 2485 401 2526 P
402 2497 448 2526 ro
465 2499 488 2538 q
496 2484 627 2526 nebus
643 2484 768 2526 illum
787 2497 920 2536 accep
906 2485 1010 2527 isse
1030 2489 1213 2528 notatur
1230 2497 1279 2526 ex
1297 2483 1425 2526 iebus
1449 2483 1489 2526 fr
1493 2486 1639 2527 atrum
1666 2483 1721 2527 ad
1739 2483 1877 2527 Noals
1894 2485 2069 2527 vineam
2085 2483 2150 2526 Ι..

356 2541 400 2582 111
426 2540 460 2581 Ι)
466 2540 656 2582 (denaus
681 2540 715 2582 I.
737 2573 745 2581 .
766 2573 773 2582 .
794 2574 823 2591 .‚
857 2540 911 2583 ad
937 2540 1093 2584 Gerolt
1116 2541 1159 2592 Ι
1191 2540 1315 2583 iuxta
1338 2541 1466 2583 illam
1490 2541 1706 2584 teiminat
1733 2542 1858 2583 vinea
1881 2541 2025 2584 sancti
2043 2516 2230 2591 Amulii,

357 2597 412 2639 ad
437 2597 565 2639 Meils
592 2597 627 2639 I.
653 2631 660 2639 .
689 2631 696 2640 .
724 2631 752 2647 .,
786 2597 841 2639 ad
865 2597 1090 2640 Pere1s..
1121 2631 1149 2649 .‚
1181 2598 1229 2640 in
1259 2598 1519 2641 summitate
1551 2598 1710 2641 Marlei
1733 2598 1768 2649 Ι,
1801 2601 1979 2641 sanctus
2003 2597 2231 2641 Amandus

355 2654 491 2696 habet
530 2655 654 2696 iuxta
692 2654 833 2696 illam.
910 2655 1034 2698 Unde
1071 2655 1197 2698 haud
1235 2655 1326 2698 scio
1368 2669 1428 2698 an
1469 2657 1703 2711 colliyatur
1743 2656 1935 2699 codicem
1973 2656 2236 2699 monasterii

356 2711 657 2766 Alare'enbury
684 2724 825 2765 prope
859 2712 1020 2755 Kaimt
1049 2712 1126 2756 siti
1153 2712 1313 2765 fuisse.
1383 2713 1475 2755 Hic
1512 2713 1587 2756 ille
1625 2714 1735 2756 liber
1774 2713 1949 2756 videtur
1977 2712 2144 2767 fuisse,
2175 2713 2231 2756 de

355 2782 440 2822 quo
479 2767 614 2810 Get-lt.
646 2769 699 2811 cle
730 2770 974 2812 Mastricltt
1009 2769 1244 2823 (syndicus
1283 2770 1546 2813 Bremensis
1586 2770 1907 2822 1688-1721)
1942 2770 1990 2812 in
2027 2770 2231 2822 cataloyo

357 2825 644 2868 bibliothecae
659 2839 770 2868 suae
795 2840 835 2868 a.
857 2826 984 2869 1719.
1007 2827 1122 2868 edito
1147 2827 1256 2870 haec
1282 2826 1442 2869 scribit
1463 2827 1527 2880 (p.
1552 2827 1682 2879 954).·
1715 2826 1958 2881 Reginonis
1980 2825 2230 2880 presbyteri

358 2881 546 2935 epistola
586 2881 638 2924 de
670 2882 939 2925 Harinonica
971 2883 1219 2936 Disciplina
1258 2882 1314 2926 ad
1351 2882 1639 2926 Rathbodum
1681 2884 1871 2937 archiep
1911 2883 2228 2932 Trevirensem‚

359 2937 677 2981 Authenticuin
703 2939 758 2981 ab
785 2940 879 2993 ipso
905 2942 1079 2983 auctore
1106 2940 1319 2994 scriptum
1345 2943 1390 2983 et
1407 2941 1590 2983 missum
1615 2940 1670 2983 ad
1687 2940 2062 2993 archiepiscopum
2087 2939 2232 2981 seculo

359 3009 484 3044 110110,
518 3009 601 3049 quo
634 2996 744 3039 vixit
774 2996 1077 3050 R11egi110,in
1108 2997 1372 3040 Membrana
1401 2997 1544 3040 nitide
1577 2998 1757 3051 56111313,
1797 2997 1977 3038 unicum
2009 2995 2232 3049 exemplar

358 3052 404 3094 in
429 3050 557 3102 Or,be
583 3052 697 3116 quod
722 3057 942 3107 superstes
968 3056 1046 3103 cst,
1080 3054 1150 3096 cui
1174 3057 1304 3097 notae
1330 3055 1522 3097 musicae
1547 3054 1683 3096 seculi
1707 3053 1847 3103 VIII.
1879 3053 1972 3104 IX.‚
2005 3053 2056 3095 X.
2083 3055 2128 3095 et
2151 3052 2230 3096 XI.

358 3109 564 3157 insmtac,
590 3110 711 3151 cuius
736 3123 875 3174 neque
901 3110 1119 3161 Balnzius,
1146 3111 1222 3166 qui
1245 3111 1551 3165 Rheginonem
1575 3110 1730 3161 edidit,
1755 3123 1833 3152 1166
1859 3110 1937 3152 alii
1962 3087 2229 3152 inentionem

360 3166 541 3207 faciunt.
615 3167 748 3209 Illius
794 3167 908 3209 enim
955 3168 1124 3210 codices
1157 3126 1364 3211 lBremae
1409 3168 1584 3210 nullum
1628 3168 1719 3210 iam
1764 3168 1999 3220 vestigium
2038 3167 2236 3210 inveniri

365 3223 406 3264 V
409 3221 508 3265 .Cl.
535 3222 605 3263 W.
631 3222 683 3264 (le
707 3223 907 3286 Bippen,
940 3224 1225 3267 arcliivarius
1256 3225 1531 3277 Bremensis,
1563 3224 1640 3267 eui
1669 3225 1779 3267 haee
1809 3225 1956 3277 debeo,
1988 3229 2230 3267 asseverat.

358 3279 505 3322 Coelen
536 3281 575 3320 Ι
574 3279 792 3332 epsewenszs
830 3280 876 3322 e'n
909 3281 1094 3333 ΐ)·’ἰ91ηίιι
1131 3281 1256 3332 folles
1287 3281 1528 3334 epistulam
1565 3281 1618 3323 de
1648 3281 1915 3324 harmonica
1951 3281 2230 3325 institutione

359 3336 562 3387 continet,
605 3336 764 3379 (leemle
804 3349 1002 3379 musicae
1040 3338 1152 3380 artis
1193 3342 1319 3381 tonos
1355 3342 1473 3390 octo,
1510 3351 1620 3393 quos
1658 3351 1714 3381 ea:
1752 3338 1902 3381 codice
1939 3338 2232 3381 Bruxellensi

361 3407 429 3435 nr.
454 3368 563 3434 2751'
597 3405 713 3436 saec.
748 3394 806 3436 X.
837 3393 903 3435 ed.
937 3393 1275 3447 Coussemalcer,
1323 3392 1593 3448 ‘·Scn'ptores
1631 3395 1684 3437 de
1714 3395 1901 3438 Musica
1937 3395 2075 3439 medii
2104 3395 2228 3439 aevi’

305 3473 331 3490 c
363 3450 516 3492 Pares.
563 3450 694 3499 1867,
704 3451 1038 3549 III‚1—73;
1090 3452 1327 3504 epistulam
1365 3452 1505 3495 edidit
1541 3451 1632 3494 Ge)
1636 3452 1743 3505 bert
1790 3449 1973 3506 ‘Script
2023 3453 2124 3497 eccl.
2172 3452 2225 3496 de

358 3507 530 3550 niusica
559 3507 715 3551 saera’
779 3540 787 3549 .
