2491 3724
141 451 235 482 Iust.
253 451 302 492 11,
326 452 357 483 3.

178 508 228 539 ib.
251 508 302 548 ΙΙ,
326 511 372 547 1.)

178 734 227 765 ib.
253 733 303 773 11,
326 735 358 766 3.

93 1074 198 1105 Paul.
219 1074 264 1105 D.
284 1073 360 1115 1,1.

383 149 465 191 132
840 143 1171 188 REGINONIS
1204 142 1567 187 CHRONICON.
1629 142 1680 187 A.
1707 145 1803 189 889.

2098 193 2125 218 ἀ

381 272 563 327 perinde
604 275 661 315 ut
698 271 858 327 reliqui
897 270 1106 313 mortales
1147 272 1382 324 appetunt,
1422 271 1773 314 venationum
1812 274 1864 314 et
1900 271 2265 325 piscationum

384 330 668 373 exercitiis
707 328 1039 377 inserviunt,
1078 327 1196 369 lacte
1229 330 1273 369 et
1304 327 1436 370 melle
1466 330 1714 370 vescuntur.
1774 327 1922 370 Lanae
1953 328 2021 370 his
2053 328 2183 370 *usus
2216 341 2265 370 ac

383 387 575 429 vestium
599 387 777 440 ignotus
789 393 821 434 a,
849 386 893 427 et
917 397 1185 439 quamquam
1210 384 1428 426 continuis
1452 384 1693 437 frigoribus
1726 383 2039 435 afficiantur,
2071 384 2264 439 pellibus

383 445 560 486 tantum
600 442 752 484 ferinis
793 454 841 483 ac
879 440 1065 482 murinis
1104 439 1360 483 induuntur.
1436 441 1679 494 Imperium
1718 440 1852 483 Asiae
1890 443 1959 483 ter
1997 441 2264 496 quaesivere,

383 500 469 553 ipsi
507 502 719 553 perpetuo
759 497 812 540 ab
854 497 998 540 alieno
1036 497 1223 551 imperio
1263 499 1341 539 aut
1379 498 1519 539 ina-cti
1559 499 1636 539 aut
1666 497 1825 540 invicti
1862 497 2107 540 mansereb.
2174 497 2268 540 Nec

383 557 576 599 virorum
622 555 766 609 magis
814 567 946 610 quam
991 553 1256 596 feminarum
1297 553 1540 597 virtutibus
1580 554 1795 604 claruere,
1843 554 2006 609 quippe
2045 567 2143 596 cum
2180 554 2268 608 ipsi

385 613 575 655 Parthos
614 611 1006 666 Bactrianosque0,
1045 611 1237 653 feminae
1277 613 1424 653 autem
1465 624 1613 653 eorum
1652 610 1957 653 Amazonumd
1994 623 2134 665 regna
2171 623 2267 653 con-

385 668 592 718 diderint,
625 682 800 723 prorsus
837 670 889 710 ut
918 681 986 710 res
1019 670 1169 722 gestas
1199 668 1393 710 virorum
1427 667 1750 723 mulierumque
1790 666 2172 710 considerantibus
2203 667 2268 708 in-

386 728 555 769 certum
587 725 667 775 sid,
700 728 828 767 utere
861 723 977 778 apud
1009 737 1079 767 eos
1111 737 1236 766 sexus
1267 724 1486 767 illustrior
1517 723 1664 767 fuerit.
1743 724 1942 774 Darium,
1980 737 2131 777 regem
2163 723 2268 765 Per-

384 796 544 832 sarum,
583 782 706 834 turpi
739 780 821 823 abf
856 780 1041 836 Scythia
1072 784 1403 824 summoverunt
1434 781 1560 836 fuga,
1601 780 1763 837 Cyrum
1797 794 1894 823 cum
1926 781 2045 823 omni
2078 779 2271 823 exercitu

384 838 739 885 trucidaverunt;
783 836 1025 879 Alexandri
1066 837 1225 892 Magni
1265 837 1419 881 ducem
1459 837 1736 893 Sopyrionag
1777 837 1910 892 parih
1951 837 2124 880 ratione
2171 850 2270 878 cum

384 895 600 937 universis
626 894 761 947 copiis
787 893 1068 943 deleverunt3
1099 894 1396 938 Romanorum
1422 894 1612 945 audiere,
1636 909 1721 938 non
1746 908 1920 938 sensere
1945 907 2082 937 arma.
2129 893 2270 936 Labo-

384 952 506 994 ribus
540 955 585 993 et
616 950 749 993 bellis
782 951 938 1004 asperi,
971 951 1086 993 vires
1119 963 1348 1005 corporum
1379 951 1619 994 inmensae.

528 1006 863 1050 Habundant
900 1020 1023 1050 vero
1072 1009 1231 1050 tanta
1280 1007 1641 1050 multitudine
1691 1007 2028 1061 populorum,
2077 1009 2136 1049 ut
2186 1019 2270 1049 eos

387 1064 637 1120 genitale
669 1064 837 1106 solum
871 1078 971 1106 non
1002 1063 1258 1107 sufficiat
1282 1064 1442 1107 alere.
1487 1064 1872 1118 Septemtrionalis
1897 1064 2095 1120 quippe
2119 1063 2270 1118 plaga,

386 1124 552 1177 quanto
590 1121 735 1176 magis
774 1120 828 1163 ab
870 1123 967 1163 estu
1006 1121 1110 1164 solis
1148 1124 1320 1164 remota
1358 1123 1426 1164 est
1463 1124 1508 1163 et
1546 1121 1685 1164 nivali
1722 1120 1888 1175 frigore
1927 1120 2098 1175 gelida,
2141 1122 2273 1163 tanto

385 1178 602 1221 salubrior
649 1177 902 1231 corporibus
939 1177 1169 1220 hominum
1210 1180 1254 1220 et
1291 1177 1591 1234 propagandis
1631 1178 1840 1232 gentibus
1883 1180 2092 1232 coaptata
2101 1193 2112 1227 3
2158 1177 2274 1218 sicut

385 1235 583 1278 econtrai
608 1235 750 1277 omnis
782 1233 1030 1277 meridiana
1061 1235 1196 1289 regio,
1230 1248 1314 1290 quo
1346 1235 1450 1278 solis
1476 1237 1543 1277 est
1565 1234 1760 1277 fervorik
1791 1234 1989 1285 vicinior,
2022 1248 2070 1276 eo
2102 1246 2274 1287 semper

385 1291 550 1334 morbis
590 1290 823 1334 habundat
862 1293 906 1334 et
946 1290 1181 1334 educandis
1221 1292 1367 1334 minus
1406 1294 1473 1334 est
1514 1294 1620 1345 apta
1658 1290 1942 1334 mortalibus:
1982 1290 2097 1333 unde
2127 1290 2191 1341 fit,
2222 1292 2275 1332 ut

383 1349 564 1391 tantael
595 1348 856 1403 populorum
882 1347 1195 1391 multitudines
1229 1347 1400 1391 arctosl
1433 1348 1512 1391 sub
1540 1362 1616 1392 axe
1641 1349 1852 1397 oriantur,
1883 1350 1934 1390 ut
1956 1362 2043 1391 non
2065 1346 2275 1389 inmerito

384 1405 590 1448 universa
621 1405 703 1447 illa
733 1405 857 1459 regio
889 1404 1061 1448 Thanai
1093 1408 1267 1447 tenusm
1305 1419 1442 1461 usque
1474 1405 1530 1448 ad
1568 1404 1818 1453 occiduum,
1857 1404 1965 1448 licet
2001 1406 2048 1447 et
2083 1403 2274 1458 propriis

385 1462 480 1505 loca
532 1462 579 1504 in
627 1475 677 1505 ea
725 1462 902 1516 singula
946 1465 1255 1515 nuncupentur
1300 1462 1567 1507 nominibus,
1621 1461 1820 1516 generali
1865 1464 2018 1504 tamen
2062 1460 2274 1504 vocabulo

387 1518 626 1561 Germania
650 1519 868 1561 vocitetur
878 1527 913 1561 Π.
967 1518 1037 1561 Ab
1062 1519 1145 1561 hac
1169 1533 1273 1573 ergo
1303 1519 1516 1573 populosa
1540 1518 1780 1562 Germania
1803 1531 1904 1572 sepe
1928 1517 2274 1561 innumerabiles

387 1576 662 1629 captivorum
706 1577 881 1618 turmae
928 1574 1166 1626 abductae,
1220 1575 1479 1618 meridianis
1525 1575 1698 1630 populis
1745 1576 1892 1629 precio
1945 1574 2254 1618 distrahuntur
2265 1589 2275 1622 3

386 1632 554 1675 multae
588 1645 759 1687 quoque
791 1646 842 1675 ex
873 1645 943 1681 ea,
984 1646 1062 1685 pro
1095 1646 1143 1675 eo
1176 1632 1291 1688 quod
1321 1636 1470 1675 tantos
1505 1632 1762 1675 mortalium
1802 1632 2047 1686 germinat,
2088 1632 2276 1685 quantos

388 1690 504 1731 alere
536 1689 606 1731 vix
637 1688 813 1738 sufficit,
847 1688 1166 1744 frequenter
1197 1691 1354 1743 gentes
1386 1703 1587 1744 egressae
1619 1692 1735 1738 sunt,
1769 1702 1879 1743 quae
1911 1689 2199 1731 nihilominus
2231 1689 2275 1728 et

385 1748 536 1799 partes
562 1745 708 1796 Asiae,
743 1745 819 1788 sed
850 1747 1040 1788 maxime
1065 1745 1152 1788 sibi
1177 1746 1433 1802 contiguam
1458 1747 1678 1800 Europam
1711 1744 1977 1788 afflixerunt.
2037 1744 2277 1788 Testantur

387 1804 466 1844 hoc
505 1801 669 1857 ubique
707 1801 838 1845 urbes
879 1804 1029 1845 erutae
1068 1815 1145 1856 per
1181 1805 1325 1845 totam
1365 1803 1584 1845 Illiricum
1622 1801 1926 1857 Galliamque,
1973 1801 2049 1844 sed
2086 1801 2277 1844 maxime

386 1859 574 1902 miserae
600 1858 781 1909 Italiae,
809 1872 919 1915 quae
943 1872 1054 1913 pene
1079 1859 1261 1902 illarum
1285 1860 1481 1902 omnium
1506 1862 1574 1902 est
1597 1859 1800 1914 gentium
1827 1861 2007 1913 experta
2025 1858 2233 1901 sevitiam
2244 1865 2276 1898 ⁰.

530 1928 612 1980 Ex
664 1928 988 1995 supradictis
1038 1929 1203 1996 igitur
1251 1930 1385 1982 locis
1435 1946 1560 1996 gens
1609 1935 1908 1981 memorata
1956 1947 1988 1981 a
2036 1927 2277 1980 finitimis

389 1999 522 2052 sibip
560 1999 786 2068 populis,
829 2000 919 2067 qui
950 2000 1230 2052 Pecinaciq
1260 2006 1521 2052 vocantur
1534 1999 1571 2063 2,
1613 2018 1645 2053 a
1679 2001 1912 2068 propriis
1944 1999 2158 2052 sedibus
2191 2015 2277 2050 ex-

387 2070 544 2139 pulsa
583 2076 684 2135 est,
732 2088 792 2123 eo
832 2071 974 2139 quod
1012 2089 1232 2124 numero
1272 2077 1325 2124 et
1360 2073 1899 2138 virtute'prestarent
1937 2076 1992 2123 et
2029 2069 2276 2138 genitale,

389 2147 449 2194 ut
486 2142 844 2209 premisimus,
882 2160 975 2193 rus
1015 2143 1342 2195 exuberante
1379 2142 1727 2195 multitudine
1764 2159 1870 2193 non
1909 2141 2180 2194 sufficeret
2209 2139 2277 2192 ad

389 2212 759 2264 habitandum.
814 2212 1020 2264 Horum
1046 2214 1229 2281 itaque
1253 2213 1507 2267 violentia
1536 2212 1756 2281 effugati
1780 2213 1850 2265 ad
1875 2211 2232 2280 exquirendas
2245 2220 2278 2274 Υ,

390 2300 524 2351 quas
562 2289 784 2350 possent
821 2284 1051 2336 incolere
1067 2293 1097 2348 S,
1137 2292 1310 2337 terras
1352 2284 1609 2352 sedesque
1651 2289 1886 2337 statuere
1924 2283 2279 2336 valedicentes

390 2354 600 2422 patriae
650 2355 756 2406 iter
805 2355 1084 2422 arripiunt.
1170 2356 1241 2408 Et
1287 2356 1460 2424 primo
1512 2356 1728 2423 quidem
1779 2355 2177 2407 Pannoniorum
2227 2358 2281 2404 et

390 2426 623 2476 Avarum
683 2425 1085 2478 solitudinest·3
1143 2432 1507 2494 pererranteS,
1575 2431 1767 2479 venatu
1827 2444 1891 2478 ac
1949 2426 2281 2494 piscationeu

391 2496 587 2547 victum
629 2496 958 2548 cotidianum
998 2498 1325 2565 quaeritant-3
1373 2497 1565 2550 deinde
1605 2498 2056 2561 Carantanorum,
2104 2496 2279 2548 Mara-

319 2603 322 2605 *
392 2567 637 2620 hensium
688 2584 751 2619 ac
797 2567 1126 2635 VulgarumV
1175 2567 1343 2621 fines4
1394 2568 1594 2621 crebris
1644 2569 2009 2620 incursionum
2061 2567 2281 2619 infesta-

394 2657 430 2698 a)
467 2659 610 2698 ignotos
642 2660 722 2690 Ba.
833 2658 871 2700 b)
911 2668 1147 2698 permansere
1179 2662 1255 2692 Β3.
1366 2662 1398 2701 c)
1437 2662 1716 2700 bactrianosque
1747 2670 1834 2692 corr.
1867 2661 2169 2699 bactrianosaque
2199 2660 2279 2690 ΒΞ.

395 2701 431 2741 d)
471 2710 642 2733 amazone
673 2702 705 2733 A
724 2704 759 2739 13
801 2704 1010 2733 amazoniae
1040 2704 1118 2734 A3.
1233 2704 1266 2741 e)
1305 2708 1343 2735 ut
1373 2705 1403 2735 A
1422 2708 1457 2743 13
1489 2708 1611 2735 utrum
1644 2706 1721 2735 Β3.
1833 2702 1863 2743 f)
1900 2712 1922 2734 a
1951 2704 2018 2735 Al
2049 2703 2157 2740 (deest
2186 2702 2278 2741 A3).

394 2744 433 2782 g)
457 2745 705 2783 zophirionem
728 2746 759 2775 A
776 2746 809 2776 3.
892 2745 930 2785 h)
955 2747 1050 2784 patri
1074 2746 1105 2776 A
1125 2749 1153 2777 1.
1237 2747 1263 2787 i)
1288 2751 1321 2778 et
1346 2753 1469 2778 contra
1493 2748 1524 2777 Β
1542 2749 1573 2780 2.
1652 2747 1691 2787 k)
1716 2746 1860 2777 fervore
1883 2747 1915 2777 A
1933 2749 1961 2777 1.
2044 2746 2071 2786 l)
2094 2749 2177 2776 ante
2199 2744 2231 2774 A
2249 2747 2278 2776 1.

395 2785 446 2825 m)
470 2787 570 2818 than.
596 2791 702 2818 tenus
728 2787 854 2818 desunt
876 2788 906 2819 A
925 2790 941 2819 1
968 2790 1095 2819 lacuna
1120 2790 1252 2820 relicta.
1350 2790 1388 2830 n)
1412 2798 1522 2830 germ.
1547 2797 1632 2829 sepe
1655 2789 1874 2820 innumerab
1897 2789 1955 2820 Ab
1978 2790 2047 2820 hac
2071 2790 2104 2819 Β
2120 2788 2156 2826 2;
2188 2788 2283 2818 voci-

395 2830 736 2869 tetur—germania
761 2830 884 2862 desunt
908 2831 939 2861 Β
955 2832 986 2862 3.
1077 2830 1112 2871 o)
1139 2832 1272 2862 sevitia
1295 2832 1326 2863 A
1344 2835 1373 2863 1.
1473 2832 1510 2872 p)
1535 2832 1625 2864 deest
1650 2833 1680 2863 B
1696 2832 1727 2863 3.
1825 2831 1861 2872 q)
1884 2832 2056 2871 pecenaci
2078 2831 2109 2862 A
2127 2833 2158 2870 13
2193 2831 2283 2870 peti-

395 2873 471 2903 nati
495 2873 526 2903 B
544 2874 572 2903 1.
673 2872 705 2913 r)
736 2874 981 2912 exquirandas
1006 2874 1068 2913 (B)
1102 2875 1133 2904 B
1149 2875 1187 2912 2;
1219 2875 1464 2913 exquirandas
1499 2885 1586 2907 corr.
1612 2875 1756 2906 -rendas
1780 2875 1812 2905 Β
1830 2877 1860 2907 1.
1957 2873 1990 2915 s)
2021 2874 2178 2905 bicolere
2199 2874 2232 2904 Β
2249 2875 2280 2903 2.

395 2915 423 2954 t.)
449 2915 653 2946 solitudinis
678 2917 709 2947 A
728 2919 758 2947 l.
826 2915 863 2956 u)
890 2917 1059 2956 spacione
1083 2918 1125 2948 A.
1153 2916 1215 2956 (B)
1240 2919 1272 2948 Β
1289 2920 1325 2957 2;
1358 2919 1522 2957 spatione
1547 2927 1634 2950 corr.
1658 2918 1860 2957 piscatione
1882 2918 1914 2948 Β
1932 2920 1961 2949 1.
2027 2916 2066 2957 v)
2089 2917 2282 2956 bulgarum

397 2957 427 2986 A
444 2958 475 2988 3.
501 2959 533 2988 B
550 2959 580 2989 3.

399 3020 441 3071 1)
476 3022 552 3065 Ita
575 3021 748 3076 Reyz‘no
773 3023 1021 3065 secundum
1045 3036 1177 3066 suum
1204 3025 1347 3067 Pauli
1368 3025 1588 3076 codz‘cem,·
1622 3026 1768 3066 arctoo
1793 3024 1988 3066 Paulus.
2103 3023 2146 3075 2)
2179 3023 2281 3066 Pet-

399 3077 656 3131 scheneyen.
726 3079 793 3120 Ha·
837 3079 1042 3133 Unyaros
1081 3093 1181 3123 cum
1220 3094 1393 3135 semper
1423 3081 1656 3135 torpebant,
1695 3086 1788 3124 tum
1829 3094 1871 3124 a.
1902 3080 1987 3123 895
2028 3084 2111 3122 aut
2138 3081 2222 3123 896
2253 3094 2284 3123 a

401 3134 623 3195 Bzclqa'rz's
664 3135 840 3178 auxilio
881 3137 1032 3180 vocati
1070 3149 1143 3179 eos
1185 3149 1237 3180 ea:
1279 3138 1520 3191 improviso
1566 3149 1806 3190 oppressos
1849 3149 1871 3179 e
1911 3135 2117 3189 sedibus,
2167 3149 2283 3191 quas

401 3195 518 3232 mter
547 3191 819 3233 Danubium
850 3196 890 3234 et
921 3193 1186 3246 Danaprz'm
1223 3193 1387 3245 fluvios
1428 3194 1660 3245 tenebant,
1704 3193 2000 3246 expulerunt5
2046 3193 2284 3236 Dummler

402 3246 504 3298 III,
536 3246 622 3290 444
645 3259 706 3301 sq.
801 3247 845 3298 3)
877 3248 1169 3292 Pannoniam
1202 3256 1243 3293 et
1269 3256 1446 3303 partem
1478 3250 1659 3293 Daciae
1689 3249 1936 3302 superioris
1967 3250 2284 3293 occidentalem

405 3315 505 3345 cum
522 3303 747 3357 Iaeyqum
770 3308 904 3356 terra,
929 3318 1044 3359 quae
1069 3305 1125 3348 ab
1149 3305 1240 3348 illis
1262 3319 1421 3349 nomen
1445 3306 1674 3360 Unyarz'ae
1691 3311 1983 3359 acceperunm
2010 3306 2144 3350 etiam
2161 3320 2284 3350 nunc

405 3371 483 3402 eae
513 3361 717 3422 reqiones
748 3358 923 3409 Pussta,
954 3362 982 3402 i.
1009 3374 1042 3403 e.
1069 3363 1166 3405 loca
1199 3362 1374 3406 deserta
1404 3362 1556 3418 (pusty
1579 3363 1689 3406 slav.
1713 3379 1769 3397 =
1793 3361 2018 3414 desertus)
2049 3368 2282 3407 vocantur.

404 3415 448 3466 4)
474 3416 768 3458 Pannonzam
793 3415 969 3471 Unyarz‘
977 3418 1177 3470 primum
1194 3419 1465 3462 Danubium
1481 3420 1757 3473 transaresst'
1771 3432 1811 3462 α.
1831 3419 1927 3470 894,
1953 3419 2283 3464 C'arantaniam

407 3486 447 3514 a.
466 3473 562 3521 901,
588 3473 848 3517 Moravefam
864 3474 961 3524 892,
983 3475 1253 3529 Bulyarz'am
1271 3490 1312 3519 a.
1332 3476 1415 3520 895
1432 3476 1721 3530 iuva-seran&
1748 3477 1985 3520 Dummler
2001 3478 2104 3531 III,
2119 3477 2205 3521 443
2221 3489 2284 3531 sq.

2290 336 2306 353 *
2326 347 2365 376 p.
2383 337 2459 369 coo.
