2491 3724
182 541 291 580 (Aug.
313 542 378 583 13).

172 1531 285 1571 (Sept.
307 1530 373 1572 17).

329 1819 366 1860 ευ

405 189 489 233 104
863 187 1192 232 REGINONIS
1224 186 1585 232 CHRONICON.
1645 188 1698 232 A.
1722 190 1818 234 872.

402 316 620 382 propria
649 315 935 383 repedarea
969 314 1214 380 permisit
1236 313 1280 377 ¹3
1322 314 1468 380 ipseb
1493 331 1615 366 cum
1645 315 1832 381 paucis
1860 315 1916 365 in
1948 313 2132 365 eodem
2164 314 2277 366 loco

401 390 680 448 remanet0,
707 386 781 436 nil
806 385 1047 437 adversid
1073 384 1392 452 suspicatus,
1449 385 1735 450 Adalgisus
1759 402 1938 451 regem
1965 384 2278 436 destitutum

403 473 620 507 suorum
666 455 868 508 viribus
912 473 1148 519 cernenS,
1195 455 1539 507 iamdudume
1583 460 1894 522 conceptam
1938 455 2279 522 iniquitatem

403 528 636 593 part-urit
674 531 727 578 et
765 544 884 578 cum
923 528 1079 578 suaef
1113 526 1559 593 conspirationise
1592 525 1975 578 sectatoribusg
2002 526 2278 593 palatium,

401 599 455 648 in
486 615 589 664 quo
622 598 914 663 imperator
947 597 1170 649 meridie
1203 596 1529 663 quiescebat,
1563 613 1825 664 occupare
1857 597 2061 648 nititur.
2131 598 2277 648 Rexh

402 685 433 718 a
467 669 690 734 strepitu
725 673 776 720 et
807 668 1041 720 clamore
1073 669 1391 719 irruentium
1424 668 1688 719 excitatus
1722 668 1860 719 lecto
1893 666 2088 730 desilit,
2128 684 2280 719 arma

401 740 622 805 corripit
661 744 714 790 et
752 756 871 790 cum
916 739 1221 806 perpaucisi
1267 740 1505 807 corporis
1546 739 1657 790 suie
1697 737 2007 790 custodibus
2047 737 2150 789 adk
2188 738 2279 790 ho-

400 810 560 860 stium
595 809 783 861 domus
814 809 1066 861 turbat-us
1098 810 1380 877 repentina
1409 811 1716 877 inruptione
1751 808 2013 875 procedit¹
2050 808 2279 859 aditum-

400 897 501 946 que
540 879 680 931 ferro
719 880 1080 932 intercludens
1119 880 1327 932 hostem
1366 899 1398 932 a
1436 880 1712 932 liminibus
1752 885 1916 932 arcet.
1991 878 2280 944 Adalgisus

400 950 650 1011 sentienS,
683 967 787 1002 non
824 951 939 1002 sine
971 950 1278 1003 discrimine
1308 952 1533 1003 hostiam
1565 951 1755 1003 domus
1787 968 1901 1003 esse
1931 951 2279 1018 penetranda,

399 1020 466 1072 ab
505 1020 729 1072 introitu
767 1020 958 1088 pedem
996 1022 1229 1073 retrahit
1264 1022 1632 1089 palatiumque
1670 1021 1901 1074 fiammis
1933 1021 2082 1073 iubet
2113 1023 2280 1077 exuri.

398 1091 639 1144 [ntereae
663 1102 789 1143 rexu
814 1091 1031 1144 dextras
1058 1092 1160 1144 sibi
1185 1092 1304 1144 dari
1327 1094 1463 1159 petit
1485 1110 1778 1160 pacemque
1803 1092 1995 1145 obnixe
2020 1092 2281 1160 deposcit3

399 1163 485 1213 cui
536 1179 853 1227 responsum
908 1169 1010 1226 est,
1064 1179 1173 1215 non
1224 1163 1386 1216 aliter
1436 1163 1634 1232 petitae
1686 1165 2122 1229 impetraturum,
2175 1165 2284 1217 nisi

396 1233 575 1299 priuse
610 1234 956 1286 iureiurando
997 1233 1306 1298 devovisset,
1347 1252 1641 1302 numquam
1673 1252 1729 1287 se
1761 1234 1948 1287 diebus
1979 1235 2120 1286 vitae
2153 1253 2280 1286 suae

395 1305 687 1356 Beneventi
733 1303 866 1359 fines
913 1306 1242 1357 intraturum
1289 1323 1462 1374 neque
1511 1323 1576 1357 ex
1616 1305 1907 1364 calumnia.
1955 1322 2117 1372 quam
2154 1311 2281 1358 tunc

396 1376 718 1444 patiebatur,
757 1376 1049 1428 vindictam
1088 1376 1379 1444 aliquando
1420 1381 1735 1429 exacturum
1750 1376 1786 1431 2.
1865 1376 2060 1428 Allatis
2097 1378 2280 1445 itaque

399 1453 706 1499 sanctorum
743 1447 1082 1514 pignoribuS,
1133 1448 1458 1501 necessitate
1499 1449 1823 1500 constrictus
1868 1454 2279 1511 sacramentum,

401 1517 545 1585 quod
583 1518 681 1570 abe
720 1527 812 1570 eoe
852 1518 1187 1585 exigebatur,
1243 1519 1442 1571 iuravit
1489 1520 1779 1588 statimque
1823 1525 2070 1587 postera0
2116 1519 2202 1572 die
2249 1537 2280 1571 a

397 1589 693 1641 Benevento
733 1589 907 1643 exivit.

1272 1691 1407 1751 872.

542 1802 695 1852 Anno
722 1800 1020 1853 dominicae
1045 1801 1435 1853 incarnationis
1460 1800 1898 1855 DCCCLXXII.p
1931 1800 2282 1854 Ludowicusq

394 1873 687 1939 imperator
726 1872 952 1924 Romam
988 1870 1166 1923 venit3
1204 1871 1386 1940 ibique
1426 1878 1743 1924 conventum
1783 1871 2062 1925 celebrans
2102 1890 2281 1925 coram

395 1959 600 1995 summo
640 1942 890 2010 pontifice
928 1943 1099 1994 multa
1139 1959 1298 2008 super
1338 1942 1584 2010 Adalgisi
1621 1943 1909 2010 tyrannide
1955 1950 2280 2012 conquestus

395 2019 490 2066 est.
566 2015 641 2065 Ar
673 2020 863 2067 senatu
893 2013 1256 2065 Romanorum
1294 2014 1465 2066 ideme
1498 2014 1787 2082 Adalgisus
1825 2015 2074 2067 tirannus
2116 2021 2278 2083 atque

393 2085 563 2136 hostis
609 2084 938 2153 reipublicae
987 2085 1315 2150 declaratur,
1366 2085 1598 2137 bellumS
1638 2085 1892 2138 adversus
1940 2103 2058 2138 eum
2099 2086 2278 2139 decer-

393 2157 558 2210 nitur.
641 2155 930 2208 Iohannest
979 2156 1158 2224 papa4
1203 2157 1583 2224 imperatorem
1630 2175 1662 2208 a
1707 2157 2030 2221 iuramentO,
2079 2174 2184 2225 quo
2224 2176 2279 2210 se

396 2226 741 2294 obligaverat,
793 2229 1117 2280 auctoritate
1169 2227 1267 2279 Dei
1317 2234 1370 2280 et
1424 2229 1599 2280 sancti
1645 2228 1791 2280 Petri
1837 2228 2083 2294 absolvit,
2133 2227 2279 2280 affir-

393 2315 546 2349 mans
585 2297 718 2349 nihil
750 2298 853 2350 sibi
885 2298 1085 2361 obesse,
1125 2298 1268 2365 quod
1302 2298 1368 2350 ob
1400 2300 1586 2352 mortis
1617 2299 1914 2367 periculum
1948 2299 2278 2352 evadendum

395 2374 608 2420 coactus
640 2368 858 2431 fecerat,
892 2386 992 2421 nec
1017 2375 1413 2421 sacramentum
1439 2388 1554 2422 esse
1589 2370 1888 2434 dicendum,
1921 2371 2064 2438 quod
2092 2376 2278 2424 contra

394 2440 619 2491 salutem
645 2439 990 2506 reipublicae,
1019 2441 1259 2507 quamvis
1285 2458 1406 2493 cum
1430 2441 1612 2494 multis
1640 2443 2084 2505 execrationibUS,
2111 2443 2279 2495 fuerit

393 2512 676 2576 prolatum.
761 2510 860 2563 His
909 2511 1377 2564 exhortationibus
1426 2513 1685 2581 principis
1736 2515 1971 2565 animum
2023 2513 2092 2566 ad
2139 2515 2279 2566 redi-

391 2582 507 2632 viva
547 2581 842 2633 certamina
879 2589 1149 2649 provocat.
1235 2583 1450 2648 Tamen,
1492 2602 1556 2636 ne
1597 2603 1629 2637 a
1668 2586 1777 2636 suis
1816 2585 2096 2652 periurusu
2135 2585 2275 2638 dice-

390 2658 553 2716 retur,
586 2670 926 2720 nequaquam
950 2654 1063 2722 ipse
1089 2657 1273 2706 contra
1297 2655 1574 2707 tirannum
1604 2655 1862 2724 procedit,
1889 2655 2011 2708 *sed
2035 2658 2273 2725 reginam

393 2786 427 2827 a)
451 2786 568 2818 redire
592 2787 634 2818 A.
722 2786 761 2827 b)
784 2788 865 2826 Ipse
888 2796 974 2819 vero
997 2788 1040 2819 A.
1130 2788 1163 2829 c)
1186 2790 1385 2827 permansit
1408 2790 1438 2821 A
1455 2791 1485 2822 3.
1576 2790 1613 2830 d)
1638 2791 1729 2822 nihil
1751 2791 1839 2822 mali
1861 2791 1892 2822 A
1908 2792 1938 2823 3.
2023 2791 2055 2826 e]
2079 2792 2173 2824 deest
2194 2792 2225 2824 A
2241 2794 2271 2824 3.

390 2830 418 2868 f)
444 2831 520 2860 suis
544 2831 573 2860 A
589 2832 619 2862 3.
711 2830 748 2869 g)
772 2831 972 2861 sectoribus
996 2831 1026 2861 A
1044 2833 1073 2862 1.
1165 2831 1205 2872 h)
1227 2832 1428 2871 Imperator
1451 2834 1607 2865 clamore
1630 2835 1660 2865 A
1677 2836 1708 2866 3.
1796 2834 1824 2873 i)
1849 2835 1974 2873 paucis
1998 2835 2028 2865 A
2045 2836 2075 2866 3.
2166 2834 2206 2874 k)
2230 2835 2275 2866 ad

390 2874 576 2910 —inrupt.
602 2873 724 2904 desum
747 2873 776 2903 A
794 2874 825 2904 3.
895 2873 925 2911 1)
943 2873 1142 2912 procedens
1167 2876 1197 2906 A
1213 2876 1244 2906 3.
1314 2877 1364 2914 m)
1387 2877 1480 2906 ostia
1503 2877 1533 2907 A
1550 2878 1581 2907 3.
1656 2876 1695 2915 n)
1719 2878 1918 2916 Imperator
1939 2877 1970 2908 A
1987 2878 2018 2909 3.
2088 2876 2123 2916 o)
2145 2886 2166 2908 a
2188 2878 2273 2909 ben.

390 2920 482 2953 post.
511 2914 565 2946 die
591 2916 631 2946 A.
745 2914 783 2954 p)
821 2915 1131 2948 DCCCLXXIII.
1157 2919 1188 2948 A
1205 2918 1237 2948 3.
1347 2918 1383 2958 q)
1423 2919 1535 2949 Hlud.
1561 2920 1592 2950 A
1609 2922 1645 2958 13
1678 2920 1766 2951 Lod.
1790 2920 1867 2951 A3.
1986 2919 2018 2961 r)
2058 2920 2162 2951 Tunc
2185 2930 2206 2951 a
2230 2922 2271 2952 A.

393 2961 424 2997 s)
447 2958 585 2989 bellum
608 2958 718 2988 etiam
742 2959 783 2989 A.
874 2958 903 2998 t)
927 2959 1111 2991 Iohannes
1135 2964 1255 2991 autem
1282 2960 1323 2992 A.
1417 2962 1455 3001 u)
1478 2962 1625 3000 peintus
1649 2963 1681 2993 B
1700 2964 1730 2993 1.
1753 2963 1785 2993 2.

394 3063 433 3109 1)
475 3063 581 3105 Non
619 3064 799 3107 domum
837 3065 1071 3119 dimissus,
1110 3067 1192 3109 sed
1222 3080 1307 3121 per
1344 3068 1478 3112 urbes
1517 3072 1557 3111 et
1596 3069 1781 3112 castella
1820 3069 2015 3112 ducatus
2054 3070 2272 3112 exercitus

392 3119 610 3163 distentus
621 3122 736 3174 fuit,
763 3135 862 3164 cum
886 3123 1116 3166 coniurati
1137 3124 1452 3178 imperatorem
1475 3127 1775 3180 opprimerent
1783 3141 1797 3175 ,·
1828 3138 1868 3168 υ.
1885 3138 2041 3179 supra.
2109 3124 2152 3177 2)
2177 3126 2269 3168 Im-

385 3181 587 3228 perator,
614 3183 856 3232 postquam
882 3192 966 3232 per
997 3180 1199 3222 triduum
1229 3181 1276 3223 in
1309 3183 1428 3224 turri
1455 3183 1652 3236 quadam
1677 3182 1946 3235 firmissima
1977 3195 2024 3225 se
2055 3182 2270 3235 defendit,

389 3232 571 3274 tandem.
610 3236 728 3287 Any.
755 3236 806 3276 16
843 3235 945 3288 iyne
977 3236 1175 3279 admisso
1216 3242 1396 3280 coaetus
1434 3239 1481 3280 in
1513 3238 1779 3280 deditionem
1811 3239 1930 3281 venit
1967 3243 2008 3281 et
2038 3252 2178 3294 usque
2209 3240 2272 3282 acl

389 3287 514 3342 Sept.
540 3290 593 3332 17
622 3290 669 3331 in
702 3291 907 3334 custodia
939 3296 1087 3334 tentas
1119 3298 1206 3345 est,·
1248 3299 1343 3336 tam.
1378 3294 1675 3337 iureiurando
1705 3294 1968 3337 huiusmodi
2005 3295 2269 3349 interposito

388 3357 436 3386 se
459 3357 547 3387 non
572 3346 769 3388 ulturum
791 3348 1020 3400 pollicitus
1045 3349 1219 3391 domum
1248 3350 1462 3394 dimissus
1487 3357 1562 3394 est.
1604 3350 1670 3402 Cf.
1689 3352 2010 3405 DilmmlerII,
2029 3353 2268 3395 271—273.

388 3401 431 3451 3)
465 3401 705 3454 Ravenna,
739 3404 818 3445 ubi
845 3404 1029 3446 hiemem
1061 3405 1258 3459 deyerat,
1298 3407 1541 3460 imperator
1573 3422 1615 3450 a.
1640 3408 1724 3451 872
1756 3408 1819 3450 ad
1846 3413 2128 3461 pentecosten
2159 3410 2266 3452 cele—

389 3458 615 3502 brandam
634 3460 833 3558 {Romam
858 3473 903 3502 se
927 3461 1133 3513 contule‘t,·
1167 3463 1404 3506 Dilmmler
1428 3465 1499 3516 ΙΙ,
1525 3465 1608 3507 341
1627 3477 1689 3519 sq.
1748 3466 1792 3517 4)
1825 3466 1968 3508 Immo
1994 3466 2268 3510 Hadrianus

387 3519 494 3558 tune
526 3528 723 3558 nomam
757 3522 971 3560 mortuus.

2298 2679 2316 2697 *
2333 2691 2374 2721 p.
2393 2679 2466 2714 585.
