2491 3724
659 192 983 236 REGINONIS
1016 190 1375 236 CHRONICON.
1437 193 1488 233 A.
1514 191 1609 234 802.
2009 192 2062 233 623

196 322 404 362 ventanos
447 332 543 360 cum
588 318 779 371 Pippino
819 318 911 361 filio
953 319 1238 362 hostilema
1277 316 1597 371 expeditionem
1636 315 1730 368 ipse
1768 317 1867 367 post
1903 313 2065 366 pascha
2088 320 2182 352 Anu.
2210 322 2309 353 Laur

196 374 300 418 1V.¹
325 374 426 417 Kal.
450 374 554 417 Mai.
586 374 818 417 Romamb
851 388 1095 429 egressus
1127 379 1207 417 est
1239 377 1312 416 et<²
1342 373 1464 416 venit
1489 372 1730 425 Spoletum.
1784 370 1842 412 Et
1873 369 1975 410 dum
1999 370 2062 411 ibi

196 434 460 479 moraretur,
505 431 568 473 11.
592 431 692 473 Kal.
717 431 822 474 Mai.
854 431 960 474 hora
991 431 1130 474 noctis
1163 429 1350 473 secunda
1380 430 1670 472 terraemotus
1701 427 1890 481 ingens
1920 425 2063 467 factus

196 490 276 537 est,
322 501 405 542 quo
442 490 541 530 tota
576 486 714 530 Italia
751 488 949 542 graviter
987 500 1191 530 concussa
1232 489 1322 535 est3
1366 499 1449 541 quo
1487 487 1611 527 motu
1647 486 1814 525 tectum
1854 481 2062 523 basilicae

194 544 318 586 beati
349 543 511 586 Paulid
543 543 730 597 apostoli
767 557 932 598 magna
962 556 1011 585 ex
1041 548 1199 596 partee
1230 556 1326 585 cum
1358 542 1447 584 suis
1470 540 1673 582 trabibus
1705 538 1909 582 corruit
1981 537 2061 579 Eo-

194 599 292 642 dem
332 612 444 642 anno
481 600 577 643 loca
614 599 828 655 quaedam
869 600 983 642 circa
1019 599 1249 641 Rhenumf
1283 601 1328 640 et
1364 598 1410 640 in
1448 596 1598 640 Gallia
1636 600 1681 638 et
1717 596 1763 637 in
1795 594 2063 638 Germaniae

193 660 371 699 terrae
401 658 547 699 motu
576 658 862 704 tremuerunt,
895 657 946 698 et
975 655 1235 708 pestilentia
1267 656 1445 707 propter
1475 652 1714 695 molliciem
1746 650 1921 693 hiberni
1950 654 2061 692 tem-

192 713 309 766 poris
347 712 467 755 facta
505 714 583 755 est.
658 713 906 765 Imperator
943 711 997 754 de
1035 710 1214 764 Spoleto
1251 710 1508 753 Ravennam
1545 709 1723 750 veniens
1763 708 1933 762 aliquot
1970 705 2060 748 dies

192 769 258 811 ibi
303 771 496 812 moratus
541 768 729 821 Papiam
772 768 979 821 perrexit.
1051 767 1123 809 Ibi
1164 767 1433 809 nuntiatum
1479 767 1560 807 est
1603 765 1655 815 ei,
1698 765 1869 818 legatos
1912 762 2061 805 Aaron

192 824 320 867 Amir
347 822 710 867 Μ111111111111ῑ“·2
749 824 866 878 regis
898 824 1131 866 Persarum
1169 825 1345 877 portum
1377 823 1505 864 Pisae
1543 822 1758 870 intrasse3
1798 819 1956 875 quibus
1987 819 2060 861 ob-

191 882 307 923 viam
355 881 538 923 mittens
583 881 700 922 inter
743 880 956 922 Vercellis
1006 881 1051 922 et
1093 879 1351 922 Eboreiami
1404 892 1474 921 eos
1521 877 1608 921 sibi
1651 877 1758 919 fecit
1801 876 2058 930 presentari.

191 937 313 980 Unus
351 937 468 980 enim
507 949 556 979 ex
594 936 655 979 eis
693 939 790 979 erat
821 936 956 978 Persa
986 935 1039 978 de
1071 937 1257 986 oriente,
1297 936 1473 990 legatus
1510 935 1628 990 regis
1659 933 1906 984 Persarum,
1946 932 2061 974 alter

190 993 451 1036 Sarracenus
497 992 550 1035 de
595 992 766 1041 Africa,
825 993 1002 1047 legatus
1048 992 1272 1035 Admirati
1317 991 1602 1040 Abrahamk,
1659 990 1735 1046 qui
1786 990 1833 1032 in
1875 988 2058 1031 confinio

189 1049 365 1092 Africae
389 1050 435 1092 in
458 1049 658 1092 Fossatol
687 1048 997 1103 presidebatm.
1038 1048 1121 1101 Qui
1143 1049 1298 1099 Isaacn
1321 1047 1519 1099 Iudeum,
1544 1060 1673 1103 quem
1696 1047 1935 1100 imperator
1958 1049 2060 1087 ante

190 1105 526 1161 quadriennium
558 1105 613 1148 ad
641 1119 791 1161 regem
822 1104 1052 1149 Persarum
1084 1119 1181 1148 cum
1212 1104 1472 1148 Lantfridoo
1504 1108 1549 1147 et
1573 1102 1831 1158 Sigimundo
1860 1102 2055 1149 miserat,

189 1176 407 1205 reversum
449 1175 545 1205 cum
588 1162 763 1216 magnis
810 1162 1064 1205 muneribus
1105 1162 1434 1205 nuntiaverunt.
1510 1160 1626 1202 Nam
1672 1158 1962 1202 Lantfridusp
2007 1161 2059 1199 et

189 1217 473 1274 sigimundus
514 1219 561 1261 in
599 1218 758 1262 itinere
801 1218 997 1261 defuncti
1037 1221 1154 1261 sunt.
1219 1219 1346 1261 Misit
1383 1218 1534 1272 itaque
1572 1230 1645 1259 rex
1675 1213 2058 1258 Erchenbaldumq

187 1275 410 1318 notarium
441 1275 488 1317 in
520 1275 748 1330 Liguriam
779 1274 834 1318 ad
864 1289 1022 1318 naves
1053 1274 1305 1329 parandas,
1336 1274 1414 1317 ubi
1445 1273 1641 1316 elefansr
1672 1275 1716 1314 et
1748 1286 1811 1321 ea,
1844 1285 1953 1326 quae
1985 1269 2057 1312 de-

188 1330 455 1381 ferebantur,
509 1331 877 1381 subveherentur3
929 1332 1021 1385 ipse
1073 1345 1173 1374 vero
1227 1330 1446 1373 celebrato
1493 1329 1562 1372 die
1607 1328 1862 1372 nativitatis
1915 1327 2057 1369 sancti

186 1387 396 1430 Iohannis
419 1388 644 1441 baptistae
669 1387 783 1441 apud
801 1387 1033 1430 Eboreiam
1048 1395 1064 1417 s
1080 1387 1217 1441 Alpes
1240 1390 1541 1441 transgressus
1571 1385 1618 1427 in
1642 1384 1836 1428 Galliam
1861 1396 2056 1426 reversus

188 1447 267 1486 est.
333 1444 438 1498 Ipsa
479 1446 648 1487 aestate
686 1447 816 1498 capta
857 1446 924 1486 est
965 1444 1221 1486 Barcilonat
1267 1443 1455 1486 civitasu
1487 1441 1761 1496 Hispaniae,
1804 1441 1893 1482 iam
1931 1442 2057 1482 tunc

187 1500 358 1542 minus
389 1500 508 1553 plus
539 1500 716 1543 biennio
748 1500 945 1551 obsessa;
983 1501 1158 1543 ZatunV
1188 1499 1406 1553 prefectus
1438 1499 1529 1541 eius
1561 1501 1606 1540 et
1638 1498 1714 1540 alii
1747 1511 1878 1552 quam
1910 1496 2055 1550 plures

186 1556 415 1599 Sarraceni
458 1556 759 1610 comprehensi
803 1559 938 1599 sunt.
1005 1557 1063 1599 Et
1106 1557 1193 1599 inw
1235 1556 1371 1599 Italia
1414 1555 1613 1598 Theatex
1651 1555 1806 1597 civitas
1848 1552 2058 1595 similiter

187 1615 316 1667 capta
339 1614 384 1655 et
406 1612 644 1655 flammis
668 1615 853 1655 exusta
877 1616 944 1656 est
970 1613 1147 1668 eiusque
1170 1612 1389 1667 prefectus
1413 1612 1697 1655 Rotselmusy
1721 1609 2055 1663 comprehensus

187 1672 281 1712 est.
340 1667 556 1720 Castella,
595 1683 705 1724 quae
737 1669 792 1712 ad
822 1670 976 1712 illam
1008 1670 1236 1712 civitatem
1276 1668 1639 1723 aspiciebant,
1678 1668 1725 1710 in
1755 1666 2055 1709 deditionemZ

186 1728 379 1779 recepta
401 1728 516 1768 sunt.
577 1726 720 1769 Zatun
743 1728 787 1768 et
810 1726 1061 1769 Rotselmus
1086 1726 1216 1768 exilio
1240 1725 1473 1779 dampnati
1496 1727 1611 1767 sunt.
1671 1724 1822 1766 Mense
1847 1721 2055 1766 Octobrio

185 1781 309 1824 Isaac
339 1780 498 1824 ludens
529 1781 580 1824 de
611 1781 763 1825 Africa
793 1796 889 1824 cum
921 1782 1144 1825 elefantoa
1181 1796 1402 1836 regressus
1440 1784 1615 1835 portum
1647 1780 1828 1823 Veneris
1867 1778 2054 1822 intravit

188 1840 246 1887 et,
289 1838 393 1893 quia
429 1840 609 1892 propter
645 1839 767 1881 nives
798 1839 934 1892 Alpes
965 1839 1152 1882 transire
1193 1853 1278 1881 non
1318 1839 1477 1892 potuit,
1508 1836 1753 1881 Vercellisb
1795 1835 2051 1878 hiemavitss.

186 1894 433 1948 Imperator
462 1894 632 1949 Aquisd
661 1895 859 1938 natalem
890 1895 1069 1938 Domini
1099 1895 1351 1938 celebravit.

327 1949 475 1993 Anno
514 1951 811 1994 dominicae
848 1951 1248 1995 incarnationis
1286 1949 1494 1995 DCCCII.
1564 1950 1757 1992 Hirenee
1793 1947 2053 2001 imperatrix

187 2006 238 2049 de
270 2004 652 2061 Constantinopoli
683 2008 806 2050 misit
836 2008 1037 2062 legatum
1068 2009 1242 2051 nomine
1273 2008 1464 2050 Leonem
1496 2006 1557 2049 ad
1587 2007 1966 2059 imperatorem
1999 2002 2053 2045 de

184 2075 290 2116 pace
320 2063 617 2106 confirmanda
646 2065 763 2107 inter
785 2065 972 2107 Francos
1004 2066 1050 2108 et
1079 2064 1252 2114 Grecos,
1286 2066 1331 2106 et
1359 2065 1601 2117 imperator
1623 2060 2048 2113 Constantinopolim

185 2119 310 2161 misit
332 2119 448 2162 Iesse
481 2120 728 2174 episcopum
753 2120 1096 2165 Ambianensem
1128 2123 1173 2164 et
1195 2120 1552 2175 Helmgaudumf
1579 2119 1796 2167 comitem,
1827 2120 1878 2159 ut
1899 2129 2048 2170 pacem

185 2188 283 2217 cum
321 2189 373 2219 ea
409 2178 672 2219 statuerent.
738 2176 877 2220 Pasca
908 2177 1179 2220 celebratum
1212 2181 1279 2220 est
1315 2178 1369 2219 in
1401 2176 1578 2219 eodem
1616 2175 1800 2229 palatio.
1861 2172 2050 2216 Eodem

185 2245 318 2274 anno
349 2231 476 2274 XIII.
501 2231 601 2275 Kal.
626 2232 740 2287 Aug.
771 2234 893 2276 venit
923 2234 1049 2277 Isaac
1086 2247 1183 2276 curn
1215 2233 1438 2276 elefantog
1476 2236 1521 2276 et
1551 2232 1708 2275 ceteris
1738 2230 1993 2272 muneribus
2025 2243 2052 2271 a

184 2301 287 2342 rege
330 2288 566 2331 Persarum
607 2290 766 2332 missis
810 2291 863 2333 in
903 2291 1237 2344 presentiam
1279 2290 1595 2342 imperator-iffi
1639 2300 1799 2331 nomen
1847 2285 2051 2328 elefantis

185 2346 280 2387 erat
310 2343 697 2388 Ambulabat.h·3
764 2344 952 2390 Ostonai
990 2347 1148 2390 civitas
1185 2347 1231 2389 in
1264 2346 1404 2389 Italia
1440 2347 1487 2388 in
1525 2342 1829 2388 deditionemk
1860 2345 2053 2395 recepta

185 2403 280 2465 est.
328 2400 535 2444 Lucerial
566 2416 737 2458 quoque
759 2402 985 2458 frequenti
1008 2403 1232 2447 obsidione
1255 2402 1453 2457 fatigata
1483 2405 1528 2445 et
1552 2403 1648 2456 ipsa
1677 2401 1726 2444 in
1748 2398 2051 2443 (16(11110116111ις

184 2458 319 2507 vemt,
350 2457 680 2514 presidiumque
704 2459 1026 2502 Francorum
1056 2460 1102 2502 in
1134 2474 1186 2503 ea
1216 2460 1410 2513 positum
1442 2462 1534 2502 est.
1594 2458 1843 2512 Imperator
1866 2455 2053 2498 aestatis

184 2515 382 2577 tempore
411 2514 460 2568 in
481 2512 766 2557 Arduennam
796 2516 1105 2559 venationibus
1137 2529 1314 2570 operam
1347 2515 1470 2558 dedit
1502 2518 1547 2558 et
1576 2515 1710 2557 misso
1740 2514 1787 2555 in
1817 2512 2050 2555 Saxoniam

186 2570 411 2611 6116161111Ῐ1
439 2570 768 2614 transalbianos
805 2571 994 2615 Saxones
1032 2573 1240 2615 vastavit.
1315 2571 1574 2615 Grimaldus
1611 2572 2050 2614 Beneventanorum0

186 2623 272 2666 dux
308 2624 355 2667 in
385 2625 569 2690 Luceria
600 2627 901 2681 Winigisump
940 2629 1147 2671 comitem
1184 2629 1368 2683 Spoleti,
1409 2629 1485 2683 qui
1522 2627 1713 2682 presidio
1752 2627 1942 2680 preerat,
1976 2624 2050 2666 ad-

185 2694 311 2723 versa
347 2681 595 2725 valitudine
632 2682 875 2739 fatigatum
913 2684 1086 2728 obsedit
1125 2688 1170 2728 et
1200 2686 1246 2728 in
1281 2684 1552 2727 deditionem
1584 2683 1754 2736 accepit
1786 2684 2052 2736 captumque

186 2749 305 2836 calui)
343 2750 532 2836 maogno
575 2738 771 2782 honore
816 2741 1038 2783 tenuitq.
1120 2741 1370 2795 Imperator
1414 2741 1555 2796 Aquis
1599 2739 1826 2783 natalemr
1870 2737 2050 2780 Domini

186 2806 231 2836 ce
254 2806 275 2836 e
309 2807 403 2836 ravi
429 2826 438 2835 .

185 2869 221 2905 a)
249 2869 374 2918 hostili
397 2871 622 2910 expeditione
643 2872 686 2903 A.
775 2871 812 2911 b)
832 2881 932 2904 roma
954 2873 984 2904 A
1002 2874 1039 2912 23
1070 2881 1091 2904 3
1112 2882 1212 2904 roma
1233 2874 1263 2904 A
1282 2874 1312 2904 3.
1339 2875 1371 2904 Β
1389 2876 1417 2905 1.
1444 2875 1474 2905 3.
1566 2872 1599 2913 c)
1620 2881 1698 2911 egr.
1717 2880 1748 2902 6.
1767 2874 1801 2901 et
1824 2870 1947 2902 desunt
1970 2871 1999 2901 A
2016 2871 2046 2901 3.

186 2910 222 2961 (ἰ)
238 2915 336 2961 ’petri
362 2913 393 2942 B
408 2914 439 2944 2.
525 2914 558 2953 e)
579 2922 708 2952 magne
731 2915 764 2944 B
779 2916 809 2946 3.
892 2915 921 2955 f)
946 2923 1074 2946 renum
1098 2916 1130 2946 B
1146 2917 1177 2946 2.
1260 2915 1298 2954 g)
1322 2916 1499 2954 germinia
1520 2916 1552 2946 Β
1571 2918 1599 2946 1.
1678 2915 1717 2954 h)
1740 2913 1945 2944 amirmulin
1969 2913 1999 2942 B
2017 2914 2046 2941 2.

186 2953 212 2993 1)
235 2955 406 2992 iporeiam
422 2956 493 2987 A2.
562 2955 601 2994 k)
624 2956 821 2987 habraham
838 2957 908 2988 Bl.
927 2958 958 2988 2.
1026 2957 1054 2996 1)
1078 2957 1207 2988 fessati
1224 2958 1294 2988 Ae.
1342 2957 1393 2996 m)
1417 2958 1623 2997 possidebat
1638 2958 1706 2989 Al.
1775 2955 1813 2995 n)
1836 2955 1959 2985 isahac
1975 2955 2046 2985 Bl.

185 2995 218 3033 ο)
251 2996 406 3028 lanfrido
428 2998 459 3029 A
475 2999 507 3029 2.
538 2999 571 3028 Β
587 2999 617 3029 3.
727 2997 766 3038 p)
799 2999 976 3031 lanfridus
999 2999 1030 3030 A
1046 3001 1076 3030 2.
1112 3001 1144 3030 Β
1160 3003 1191 3031 1.
1217 3001 1254 3039 3;
1294 3000 1485 3031 lamfridus
1508 3001 1540 3030 B
1556 3001 1586 3030 2.
1699 2997 1735 3038 q)
1771 2998 1941 3029 erchanb.
1966 2998 1996 3027 A
2015 2999 2048 3033 1;

185 3038 330 3088 eriz-enh.
354 3040 386 3071 A
401 3041 438 3079 33
467 3040 662 3071 herchenb.
682 3041 757 3081 (B.)
773 3042 853 3075 B3:
880 3042 1069 3073 herthenb.
1087 3043 1159 3073 Bl.
1178 3043 1209 3073 2.
1298 3045 1329 3078 r)
1360 3042 1509 3081 elephas
1526 3043 1556 3073 A
1569 3044 1598 3073 1.
1617 3043 1654 3080 23
1688 3040 1862 3079 elephans
1877 3041 1907 3071 A
1918 3041 1948 3071 3.
1975 3039 2046 3069 Β2.

186 3079 217 3116 s)
238 3082 410 3119 iporeiam
433 3083 465 3113 A
480 3084 517 3122 23
548 3082 754 3114 heboreiam
779 3085 810 3114 Β
824 3086 855 3115 2.
911 3085 940 3124 t)
963 3084 1148 3123 parcilona
1170 3085 1200 3115 A
1218 3087 1253 3124 13
1283 3084 1481 3116 barcilonia
1504 3085 1536 3115 Β
1551 3085 1581 3115 2.
1607 3085 1637 3117 3.
1690 3085 1727 3123 11)
1750 3083 1819 3114 civ.
1844 3083 1941 3113 bare.
1968 3082 1999 3112 B
2015 3082 2046 3110 2.

183 3120 223 3161 v)
253 3124 375 3172 Ratun
396 3125 428 3155 B
444 3126 474 3155 1.
578 3124 622 3164 w)
653 3124 743 3157 deest
764 3127 795 3157 A
810 3128 841 3157 2.
944 3130 982 3161 x)
1006 3126 1116 3158 Teate
1140 3126 1170 3157 A
1187 3128 1217 3158 3.
1321 3129 1359 3166 y)
1389 3127 1596 3158 rodhelmus
1618 3127 1649 3158 A
1667 3129 1700 3165 13
1739 3124 1944 3156 rothelinus
1968 3125 1999 3155 A
2014 3124 2045 3153 3.

184 3164 220 3201 Ζ)
251 3165 531 3214 111ᾶ6ᾱ16110116111
554 3168 586 3198 Β
602 3168 632 3197 2.
743 3167 780 3208 3)
819 3168 975 3200 elefanto
998 3169 1029 3200 A
1047 3171 1082 3206 13
1120 3168 1316 3208 elephante
1339 3171 1369 3201 A
1386 3171 1416 3200 2.
1443 3170 1473 3201 3.
1584 3168 1622 3203 11)
1658 3170 1695 3199 in
1719 3167 1888 3199 vercellis
1912 3167 1943 3197 Β
1961 3170 1989 3197 1.
2015 3166 2046 3195 2.

186 3207 219 3254 c)
248 3209 397 3239 remavit
419 3209 451 3239 B
466 3210 497 3239 3.
601 3208 638 3247 d)
665 3209 702 3240 in
725 3211 829 3249 aquis
853 3212 884 3242 Β
899 3212 930 3242 3.
1037 3214 1071 3250 6)
1094 3211 1236 3242 Hirena
1257 3212 1288 3243 A
1303 3213 1333 3243 2.
1435 3211 1463 3250 f)
1494 3211 1632 3250 heling.
1658 3212 1689 3243 A
1705 3212 1741 3250 33
1773 3211 1881 3249 elmg.
1909 3210 1940 3239 Β
1957 3212 1985 3239 1.
2011 3209 2047 3244 2;

184 3256 258 3286 lng.
291 3250 368 3281 Β3.
478 3249 515 3289 g)
553 3250 711 3284 elefanto
741 3253 772 3284 A
790 3255 821 3292 1;
871 3253 1066 3292 elephante
1095 3254 1173 3285 Aa.
1199 3254 1235 3292 33
1281 3254 1472 3292 elephanto
1506 3254 1585 3285 Ba.
1703 3253 1744 3294 h)
1781 3253 1943 3284 ambulat
1965 3251 1995 3281 A
2014 3253 2048 3286 1;

185 3290 370 3322 ambulath
385 3292 465 3331 A2;
489 3293 707 3325 amhulat’A
722 3296 753 3326 3.
814 3294 842 3333 i)
865 3294 1005 3327 Ostolia
1021 3295 1099 3334 A2;
1131 3295 1268 3327 Ortona
1282 3297 1353 3328 A3.
1415 3295 1455 3335 k)
1478 3295 1608 3328 dedict.
1627 3297 1699 3327 Β2.
1761 3295 1789 3335 l)
1813 3296 1960 3326 lucerna
1975 3293 2045 3323 132.

186 3331 236 3380 ni)
257 3332 436 3364 arduenna
458 3335 489 3365 A
506 3337 544 3372 13
572 3335 780 3367 harduenca
803 3338 835 3368 Β
851 3339 881 3369 3.
986 3337 1026 3376 11)
1060 3346 1140 3369 611111
1165 3346 1220 3369 ex.
1246 3338 1279 3368 B
1295 3340 1326 3369 2.
1436 3337 1470 3378 ο)
1505 3338 1577 3369 dux
1601 3338 1684 3370 ben.
1710 3339 1752 3369 A.
1855 3337 1893 3378 p)
1925 3336 2050 3366 unine-

186 3381 303 3410 glssum
324 3376 366 3406 A.
455 3379 490 3414 q)
515 3377 668 3408 retinuit
688 3379 719 3410 A
736 3381 765 3409 1.
855 3379 888 3419 r)
912 3380 1032 3411 natale
1055 3380 1097 3411 A.

188 3436 230 3486 1)
268 3436 370 3480 VII.
400 3437 521 3481 Anu.
551 3441 694 3484 Laur.
812 3442 854 3494 2)
897 3441 1024 3486 Α11111
1055 3442 1099 3485 31
1129 3442 1396 3486 Μ11111111111111
1427 3444 1545 3488 Ama.
1577 3446 1721 3487 Laur.
1843 3442 1887 3495 3)
1932 3440 2049 3484 Abul

188 3490 309 3535 Abat
338 3494 458 3536 Ann.
489 3496 632 3538 Laur.
