2491 3724
289 175 342 218 62
747 169 1076 215 REGINONIS
1108 166 1472 212 CHRONICON.
1531 168 1585 212 A.
1617 171 1714 214 801.

26 309 121 339 Ann.
149 309 255 340 Laur.
283 313 503 356 regressus
514 309 534 331 st
575 298 613 343 A
624 313 689 355 qu
700 299 713 341 i
725 312 742 340 3
785 312 813 351 p
824 298 873 340 a]
885 311 909 339 a
920 297 1000 339 tiu
1010 310 1053 338 m
1100 309 1127 337 v
1138 308 1159 337 e
1169 309 1196 338 n
1208 295 1223 337 i
1233 297 1265 337 t.
1350 295 1385 337 E
1395 309 1419 338 o
1429 294 1456 337 d
1467 309 1542 338 em
1582 310 1607 339 a
1617 310 1682 339 nn
1692 311 1715 340 0
1753 296 1895 351 pridie
1934 297 2046 340 Non.
2078 296 2161 339 Iul.

283 361 469 402 contra
505 370 685 400 morem
725 357 777 396 et
814 357 1060 396 naturam
1093 352 1279 405 asperab
1317 354 1369 394 et
1407 352 1533 406 gelu
1572 357 1824 397 concreta
1855 354 1964 396 fuit
2004 354 2165 408 pruina

283 418 328 458 et
357 414 459 458 VII.
483 413 549 456 Id.
581 413 664 456 Iul.
698 411 923 464 similiter,
955 424 973 452 s
985 408 1043 452 ed
1075 411 1228 451 tamen
1258 408 1465 450 nullam
1489 409 1922 453 incommodidatem
1945 410 2164 453 fructibus

283 472 453 515 attulit.

423 527 573 570 Mense
619 524 822 580 Augusto
862 523 1107 578 Mogontia
1119 529 1137 551 0
1179 521 1445 575 placitum
1489 521 1674 564 tenuit
1714 524 1767 565 et
1807 522 1910 566 inde
1952 537 2165 566 movens

282 598 378 627 cum
404 583 596 627 exercitu
618 583 874 626 Ravennam
901 580 1024 622 venit
1037 596 1046 629 3
1077 592 1106 621 u
1115 578 1170 621 bi
1192 578 1282 620 VII
1313 577 1359 620 di
1371 591 1391 620 e
1401 591 1421 620 s
1452 591 1497 619 m
1507 592 1530 620 o
1539 592 1561 620 r
1572 580 1662 620 atu
1671 592 1690 620 s
1713 579 1900 622 Romam
1925 593 1954 635 g
1965 593 1985 622 r
1994 593 2016 622 e
2026 594 2045 622 s
2055 594 2073 622 s
2082 594 2110 622 u
2121 594 2163 622 m

282 641 504 691 direxit,
564 638 752 682 filiumd
803 651 943 680 suum
997 636 1252 690 Pippinum
1306 648 1418 677 cum
1464 635 1705 677 exercitu
1758 636 1804 678 in
1849 636 2164 679 Beneventum

281 699 378 740 mis
390 712 408 740 3
419 712 442 740 0
452 705 485 739 e.
550 696 573 739 I
583 698 603 739 t
614 710 638 738 a
649 709 713 751 qu
723 709 744 737 e
783 708 881 737 cum
911 694 1097 736 Romam
1109 692 1125 722 f
1160 692 1353 734 venisset
1365 725 1374 741 ,
1418 691 1607 734 occurrit
1645 692 1686 734 ei
1721 692 1866 746 pridie
1898 693 2021 736 Leog
2049 706 2167 747 papa

281 758 326 797 et
364 768 382 796 3
393 768 414 797 6
425 768 453 796 n
463 756 554 796 atu
564 767 583 795 s
620 753 792 795 Roman
802 765 855 794 or
864 764 945 793 um
986 749 1102 804 apud
1140 749 1425 798 Nomentum,
1467 747 1723 792 duodecimo
1761 749 1816 792 ab
1850 750 1971 793 Urbe
2002 749 2166 803 lapide,

280 814 325 854 et
362 823 534 852 summa
572 823 670 852 eum
707 808 967 850 humilitate
998 819 1254 861 summoque
1285 805 1446 848 honore
1483 805 1693 859 suscepit,
1732 806 1954 860 prandens
1985 820 2083 849 cum
2115 819 2165 849 eo

279 868 324 910 in
349 880 370 910 e
381 881 404 910 0
415 867 442 908 d
453 880 474 908 e
485 881 528 908 m
552 866 658 909 loco.
719 865 741 907 I
752 866 872 918 gitu
881 879 902 906 r
932 864 1089 906 statim
1114 876 1212 905 eum
1244 861 1299 904 ad
1322 862 1491 905 Urbem
1513 863 1727 916 precessit
1750 865 1795 906 et
1818 863 1897 906 inh
1922 863 2163 906 crastinum

279 924 325 965 in
359 922 571 978 gradibus
602 921 814 964 basilicae
845 921 967 963 beati
998 920 1124 962 Petri
1156 919 1345 973 apostoli
1375 921 1513 968 stans,
1555 919 1701 962 missis
1734 920 1910 963 obviam
1940 920 2167 963 Romanae

277 987 400 1029 urbis
431 986 605 1029 vexillis
644 994 762 1028 cum
804 976 1052 1026 crucibus
1091 981 1251 1042 atque
1291 976 1548 1041 reliquii&
1591 982 1809 1026 ordinatis
1850 984 1990 1026 etiam
2029 985 2164 1039 atque

277 1050 502 1104 dispositis
541 1063 620 1103 per
651 1062 847 1102 congrua
883 1047 980 1090 loca
1009 1049 1105 1089 tam
1143 1046 1476 1101 peregrinorum
1517 1059 1650 1101 quam
1682 1046 1844 1089 civium
1875 1047 2048 1096 turmis,
2088 1047 2164 1102 qui

276 1107 495 1150 1611161111ἰ
527 1105 680 1149 laudes
705 1105 917 1155 dicerent,
949 1104 1043 1158 ipse
1067 1117 1166 1146 cum
1190 1103 1305 1146 clero
1331 1105 1376 1145 et
1399 1103 1614 1156 episcopis
1647 1104 1739 1145 ant
1749 1116 1771 1145 e
1803 1103 1966 1157 gradus
1997 1118 2019 1146 6
2030 1118 2050 1146 6
2061 1104 2137 1147 616
2148 1126 2165 1133 -

276 1164 389 1206 siae
435 1177 548 1207 eum
595 1162 786 1206 humili
799 1164 883 1204 ter
920 1160 1113 1215 suscepit
1151 1159 1342 1215 dataque
1388 1158 1770 1202 benedictione
1814 1160 1862 1202 in
1897 1160 2165 1204 basilicamk

275 1220 398 1263 beati
409 1219 421 1249 ¹
463 1220 586 1263 Petri
629 1219 820 1273 apostoli
828 1226 863 1248 ¹²²
906 1217 1075 1260 cunctis
1123 1215 1420 1271 psallentibus
1430 1225 1451 1246 Π
1495 1215 1754 1259 introduxit.
1834 1216 1879 1259 H
1887 1231 1910 1260 o
1920 1231 1942 1260 c
1987 1231 2012 1260 a
2020 1231 2049 1260 u
2058 1220 2079 1260 t
2089 1231 2110 1260 e
2120 1231 2165 1259 m

277 1277 402 1320 factu
412 1291 455 1320 m
496 1290 518 1319 e
528 1291 547 1319 s
557 1280 578 1320 t
615 1276 744 1320 VIII.
769 1275 872 1318 Kal.
903 1274 1174 1318 Decembris.
1247 1274 1355 1316 Post
1392 1275 1562 1326 septem
1594 1286 1696 1315 vero
1727 1272 1820 1315 dies
1858 1287 1932 1316 rex
1964 1274 2165 1317 contione

276 1337 443 1385 vocata,
485 1348 560 1377 cur
590 1334 778 1376 Romam
808 1333 1014 1382 venisset,
1054 1333 1134 1386 pat
1143 1344 1166 1374 e
1175 1333 1234 1373 nt
1244 1344 1265 1373 e
1277 1344 1297 1372 r
1334 1331 1388 1373 in
1398 1329 1450 1372 di
1461 1343 1481 1372 6
1493 1330 1607 1373 avit
1646 1332 1690 1373 et
1720 1329 1822 1373 inde
1832 1339 1851 1360 0
1883 1330 2077 1374 cotidieP
2109 1330 2162 1373 ad

277 1405 340 1441 ea,
374 1405 485 1447 quae
518 1393 712 1441 venerat,
745 1389 948 1432 facienda
978 1402 1155 1442 operam
1188 1387 1313 1430 dedit
1329 1402 1339 1439 3
1370 1387 1489 1430 inter
1513 1400 1637 1442 quae,
1673 1401 1700 1442 q
1709 1400 1738 1429 11
1747 1401 1770 1430 o
1780 1386 1808 1429 d
1838 1388 2080 1430 maximum
2112 1401 2134 1430 e
2145 1391 2167 1430 t

276 1446 592 1491 difficillimum
639 1450 754 1495 erat,
801 1446 854 1489 de
900 1444 1188 1488 discutiendis
1236 1443 1494 1487 criminibus
1507 1477 1515 1494 ‚
1563 1457 1675 1499 quae
1721 1457 1740 1485 s
1750 1457 1778 1485 u
1788 1457 1832 1486 m
1842 1458 1885 1486 m
1896 1459 1919 1487 0
1964 1445 2165 1498 pontifici

275 1505 449 1548 obiecta
489 1507 657 1547 erant.
725 1503 757 1547 C
769 1517 857 1546 aus
870 1517 894 1545 a
931 1503 1118 1558 itaque
1157 1501 1453 1551 ventilata,
1495 1514 1606 1543 cum
1644 1500 1792 1543 nullus
1823 1501 2033 1555 probator
2072 1505 2165 1544 aut

273 1563 436 1605 testis
483 1561 768 1616 legitimus
815 1562 1125 1614 appareret,
1175 1559 1265 1614 qui
1314 1558 1483 1601 locum
1531 1558 1936 1600 controversiae
1978 1558 2163 1601 subire

274 1621 628 1672 presumeret,
660 1617 908 1672 prefatus
939 1615 1189 1670 pontifex
1220 1628 1366 1658 coram
1397 1614 1517 1658 omni
1547 1615 1707 1668 populo
1731 1615 1780 1656 in
1804 1613 1954 1658 domo
1985 1616 2162 1659 sancti

274 1675 399 1718 Petri
445 1675 636 1729 apostoli
687 1673 970 1728 evangelium
1016 1675 1197 1727 portans
1251 1671 1484 1714 ambonem
1537 1670 1790 1714 conscendit
1800 1679 1821 1710 <1
1874 1671 2165 1728 invocatoque

276 1735 455 1775 sanctae
500 1731 738 1774 Trinitatis
781 1731 959 1773 nomine
1000 1728 1284 1772 iureiurando
1326 1728 1381 1771 ab
1397 1737 1413 1758 r
1455 1727 1639 1771 obiectis
1678 1741 1724 1771 se
1763 1728 2023 1772 criminibus
2061 1743 2163 1784 pur-

277 1803 402 1857 gavit
416 1811 446 1846 S.
513 1802 679 1846 Eadem
719 1801 790 1845 die
821 1800 1055 1843 Zacharias
1086 1784 1351 1850 Pl'eSbitel‘
1383 1812 1481 1842 cum
1513 1797 1680 1842 duobus
1710 1798 1950 1850 monachis,
1994 1813 2080 1842 uno
2111 1799 2164 1843 de

273 1876 422 1916 monte
470 1871 650 1923 Oliveti,
698 1873 839 1916 altero
885 1870 937 1914 de
985 1856 1255 1907 Bethleem
1301 1870 1488 1913 Romam
1535 1869 1661 1912 venit
1676 1886 1686 1919 3
1731 1882 1836 1925 quos
1880 1870 2164 1925 episcopus

272 1930 716 1973 Hierosolimorumt
769 1928 825 1972 ad
868 1941 1021 1982 regem
1067 1926 1292 1975 direxit,
1348 1927 1423 1983 qui
1468 1926 1790 1969 benedictionis
1842 1939 1973 1970 causa
2019 1927 2164 1970 claves

272 1987 525 2041 sepulchriu
563 1986 744 2030 Domini
782 1999 832 2028 ac
869 1985 955 2028 loci
994 1984 1227 2034 calvariae,
1268 1984 1411 2027 claves
1450 1983 1588 2026 etiam
1628 1983 1826 2026 civitatis
1866 1997 1964 2026 cum
2002 1984 2164 2027 vexillo

272 2044 542 2087 detulerunt.
611 2042 726 2096 Quos
765 2056 839 2086 rex
869 2041 1064 2098 benigne
1104 2042 1346 2096 suscipiens
1378 2041 1552 2096 aliquot
1590 2039 1682 2083 dies
1714 2053 1859 2083 secum
1893 2040 2090 2085 detinuit
2120 2044 2165 2084 et

270 2115 419 2144 mense
465 2100 612 2155 Aprili
658 2101 960 2144 remuneratos
1009 2098 1215 2142 absolvit.
1296 2097 1357 2141 Et
1403 2097 1647 2141 celebravit
1698 2097 1777 2140 ibi
1824 2111 1911 2140 rex
1963 2098 2162 2141 natalem

270 2158 463 2201 Domini.

414 2214 564 2257 Anno
596 2213 898 2256 dominicae
929 2211 1341 2254 incarnationis
1371 2208 1573 2261 DCCCL,
1619 2223 1716 2252 cum
1749 2223 1824 2252 rex
1854 2210 1950 2264 ipso
1981 2210 2052 2254 die
2082 2225 2161 2254 na·

272 2271 379 2314 talis
409 2271 592 2314 Domini
625 2273 728 2313 ante
760 2268 1073 2312 confessionem
1112 2268 1291 2311 sancti
1322 2267 1448 2310 Petri
1489 2267 1544 2309 ab
1577 2267 1773 2310 oratione
1805 2270 2029 2321 surgeret,
2074 2267 2162 2311 Leo

271 2341 388 2382 papa
419 2341 622 2371 coronam
663 2327 801 2381 capiti
834 2326 925 2368 eius
957 2325 1170 2379 imposuit
1181 2341 1190 2375 ;
1234 2327 1279 2367 et
1310 2338 1335 2367 a
1373 2326 1529 2367 cuncto
1559 2324 1856 2366 Romanorum
1887 2325 2050 2378 populo
2080 2331 2161 2375 ter

273 2397 570 2441 adclamatum
605 2399 693 2440 est:
728 2396 905 2438 ‘Karolo
937 2395 1140 2450 Augusto
1172 2410 1197 2438 a
1221 2395 1312 2438 Deo
1345 2397 1562 2442 coronato,
1596 2408 1758 2449 magno
1790 2396 1834 2437 et
1864 2393 2047 2448 pacifico
2078 2396 2161 2438 im-

271 2456 468 2509 peratori
491 2455 803 2504 Romanorum,
834 2453 931 2496 vita
962 2456 1007 2495 et
1036 2452 1265 2496 victoria!'
1326 2452 1385 2494 Et
1414 2454 1515 2506 post
1545 2451 1697 2494 laudes
1727 2465 1847 2494 more
1877 2452 2158 2507 antiquorum

271 2512 552 2566 principumv
574 2511 780 2554 adoratus
802 2512 869 2552 est
893 2510 972 2552 *et
997 2509 1149 2552 ablato
1173 2509 1354 2563 patricii
1378 2508 1553 2552 nomine
1577 2508 1819 2562 imperator
1843 2510 1926 2551 etW
1945 2511 2158 2563 augustus
2184 2506 2200 2523 *
2218 2518 2258 2547 Ρ-
2277 2508 2382 2541 563a·

273 2571 340 2611 est
371 2569 669 2623 appellatusx.
739 2567 846 2609 Post
875 2580 1034 2621 paucos
1067 2570 1215 2609 autem
1249 2565 1342 2608 dies
1373 2565 1504 2608 iussit
1535 2579 1619 2616 eOS,
1659 2565 1735 2620 qui
1768 2579 1879 2608 anno
1910 2566 2160 2620 superiori-v

271 2626 524 2679 pontificem
564 2625 871 2678 deposuerant,
912 2623 1130 2673 exhiberi3
1176 2626 1222 2666 et
1259 2622 1417 2665 habita
1455 2622 1508 2665 de
1548 2622 1609 2664 eis
1649 2622 1879 2677 questione
1921 2622 2160 2665 secundum

272 2682 416 2737 legem
450 2683 695 2725 Romanam
727 2684 778 2723 ut
808 2679 1059 2723 maiestatis
1091 2680 1183 2723 reiz
1215 2679 1421 2733 capitali
1459 2679 1738 2722 sententia
1778 2677 2011 2733 dampnati
2041 2682 2158 2722 sunt.

272 2739 357 2782 Pro
389 2739 549 2794 quibus
587 2741 741 2781 tamen
778 2750 894 2791 papa
931 2737 1005 2791 pio
1038 2736 1198 2779 affectu
1230 2735 1346 2790 apud
1383 2737 1697 2790 imperatorem
1735 2736 2008 2778 intercessit:
2054 2750 2154 2780 nam

272 2796 395 2838 vitaa
435 2800 480 2839 et
518 2795 817 2838 membrorum
855 2794 1097 2848 integritas
1135 2794 1197 2837 eis
1237 2806 1438 2836 concessa
1477 2795 1562 2842 est,
1603 2795 1797 2835 ceterum
1835 2806 1913 2846 pro
1950 2792 2157 2836 facinoris

271 2852 580 2908 magnitudine
613 2852 743 2894 exilio
773 2851 1028 2904 deportatib
1059 2853 1176 2893 sunt.
1235 2849 1379 2892 Huius
1409 2849 1616 2893 factionis
1647 2848 1768 2892 fuere
1799 2849 2020 2903 principes
2050 2849 2156 2892 Pas·

272 2909 410 2952 chalis
441 2909 803 2952 nomenculatore
835 2910 880 2949 et
911 2905 1150 2961 Campulus
1182 2906 1473 2950 sacellariusd
1505 2909 1551 2949 et
1579 2906 1714 2948 multi
1752 2906 1832 2948 alii
1870 2906 2042 2949 nobiles
2071 2906 2157 2949 Ro-

270 2966 419 3015 mani,
463 2967 540 3021 qui
581 2979 729 3009 omnes
774 2963 926 3007 eadem
969 2965 1194 3007 sententia
1237 2963 1470 3017 dampnati
1512 2965 1628 3005 sunt.
1699 2961 1928 3005 Ordinatis
1968 2963 2155 3018 itaque

272 3022 495 3065 Romanae
533 3022 656 3065 urbis
694 3022 919 3075 totiusque
957 3020 1120 3064 Italiae
1157 3034 1242 3063 non
1274 3022 1454 3063 tantum
1485 3018 1696 3073 publiciS,
1736 3019 1812 3061 sed
1842 3019 1980 3061 etiam
2019 3019 2155 3061 eccle—

273 3078 463 3121 siasticis
503 3081 548 3122 et
578 3079 765 3132 privatis
798 3079 927 3120 rebus
967 3081 1042 3120 ete
1073 3077 1316 3132 negotiis
1354 3075 1607 3131 missoquef
1634 3075 1794 3118 iterum
1827 3088 1985 3129 super
2015 3075 2154 3118 Bene-

272 3217 308 3253 a)
333 3217 423 3248 dee-<t
445 3218 475 3249 A
494 3220 523 3248 1.
550 3219 580 3249 3.
645 3217 684 3253 b)
710 3218 802 3248 deest
824 3217 854 3248 A
872 3218 901 3248 2.
961 3216 995 3257 6)
1018 3216 1220 3255 mogontiae
1243 3218 1293 3255 A3
1324 3216 1532 3254 moguntiae
1558 3216 1588 3246 A
1606 3216 1636 3246 3.
1699 3213 1736 3253 d)
1759 3213 1832 3245 filio
1855 3223 1921 3245 suo
1945 3215 2093 3253 pippino
2109 3216 2151 3246 A.

272 3259 306 3299 e)
329 3261 429 3290 misit
451 3261 481 3290 B
498 3260 530 3291 3.
592 3260 620 3299 f)
642 3268 743 3290 roma
766 3261 796 3290 A
812 3261 842 3290 2.
869 3261 901 3290 B
916 3260 947 3290 2.
1001 3258 1039 3299 g)
1062 3267 1155 3298 papa.
1177 3259 1234 3290 leo
1258 3260 1288 3289 A
1308 3261 1336 3288 1.
1357 3260 1389 3296 2;
1426 3258 1481 3289 leo
1504 3266 1600 3296 papa
1623 3257 1737 3296 pridie
1761 3258 1792 3288 B
1810 3259 1839 3287 l.
1895 3256 1934 3295 h)
1957 3257 2050 3288 deest
2071 3258 2102 3288 A
2119 3259 2150 3288 2.

271 3302 299 3340 i)
320 3303 510 3333 venientes
535 3303 609 3333 B3.
678 3301 719 3341 k)
741 3302 894 3332 basilica
917 3302 948 3333 A
964 3302 994 3331 2.
1022 3302 1054 3332 Β
1069 3302 1100 3332 3.
1161 3299 1190 3340 1)
1215 3301 1331 3331 sancti
1354 3302 1384 3331 A
1400 3301 1431 3331 3.
1458 3301 1490 3331 Β
1506 3302 1536 3331 3.
1595 3302 1647 3338 111)
1672 3300 1763 3330 deest
1786 3300 1818 3330 B
1833 3300 1863 3330 3.
1922 3299 1961 3340 n)
1984 3300 2151 3339 spallent.

272 3346 304 3376 B
321 3347 349 3375 1.
370 3346 400 3375 2.
449 3344 485 3384 0)
509 3343 638 3375 deinde
661 3345 690 3375 A
709 3347 737 3374 1.
757 3345 787 3374 2.
843 3343 879 3384 p)
903 3343 1035 3374 cottide
1059 3343 1088 3374 A
1107 3345 1142 3380 1;
1176 3343 1335 3381 quotidie
1358 3344 1388 3373 A
1407 3344 1437 3373 2.
1456 3344 1487 3374 3.
1538 3342 1575 3381 ψ
1598 3342 1760 3373 ascendit
1781 3343 1813 3373 B
1831 3345 1861 3375 1.
1907 3342 1939 3383 r)
1961 3342 2056 3374 deest
2073 3343 2103 3373 Β
2118 3343 2149 3374 3.

273 3387 304 3427 s)
331 3395 479 3426 expurg.
506 3388 536 3417 A
554 3389 582 3417 1.
610 3388 640 3418 3.
716 3386 745 3425 t)
766 3386 874 3417 ieros.
901 3387 942 3417 A.
970 3387 1053 3425 1333
1090 3386 1208 3416 heros.
1235 3386 1266 3415 B
1284 3388 1313 3416 1.
1383 3383 1421 3425 u)
1445 3385 1604 3423 sepulcri
1626 3385 1656 3416 A
1673 3386 1704 3415 2.
1730 3386 1761 3416 3.
1838 3384 1877 3424 v)
1899 3385 1990 3416 deest
2013 3386 2044 3416 A
2061 3386 2090 3416 1.
2117 3386 2150 3415 2.

271 3430 316 3467 w)
339 3429 433 3460 deest
455 3430 486 3460 A
503 3429 537 3461 2.
561 3430 592 3460 Β
609 3431 638 3461 3.
723 3428 760 3467 x)
784 3429 987 3467 appellatus
1014 3431 1071 3459 est
1093 3428 1123 3459 A
1141 3429 1170 3458 1.
1197 3428 1227 3458 2.
1254 3428 1286 3458 Β
1303 3428 1335 3458 2.
1360 3428 1391 3458 3.
1467 3429 1504 3464 y)
1528 3429 1714 3465 superiore
1738 3428 1769 3458 B
1788 3429 1816 3458 1.
1843 3428 1873 3457 2.
1952 3426 1987 3465 z)
2010 3435 2050 3458 re
2073 3427 2103 3458 A
2121 3429 2150 3459 1.

271 3471 306 3509 a)
339 3475 374 3503 et
396 3473 474 3503 vita
496 3472 539 3502 B.
628 3470 666 3510 b)
697 3471 860 3510 deputati
883 3472 914 3502 B
930 3471 961 3501 3.
1060 3469 1094 3511 6)
1125 3469 1403 3501 numenculator
1425 3469 1455 3500 A
1472 3470 1510 3508 33
1541 3469 1786 3500 numiculator
1809 3470 1851 3500 B.
1951 3469 1989 3510 d)
2019 3470 2152 3501 saccel-

269 3515 383 3546 larius
406 3515 435 3545 A
455 3517 482 3544 1.
510 3515 541 3545 2.
633 3513 667 3554 6)
690 3514 799 3544 rebus
824 3516 860 3545 et
883 3513 1010 3544 desunt
1033 3513 1080 3552 A3
1116 3515 1152 3543 et
1175 3511 1265 3544 deest
1288 3512 1320 3542 Β
1337 3514 1365 3542 1.
1392 3513 1422 3543 2.
1508 3511 1536 3552 f)
1560 3512 1741 3551 missaque
1764 3513 1805 3543 A.
