2491 3724
234 355 329 398 967.

160 431 264 462 Mart.
283 432 334 462 31.

197 572 330 614 (Apr.).

185 1423 268 1454 Iun.
286 1424 339 1454 24.

186 1494 266 1525 Iun.
286 1495 339 1526 29.

153 1634 252 1676 (Mai.
270 1635 336 1675 18).

205 1988 338 2030 (Apr.).

245 2554 342 2594 Sept.

174 2697 272 2737 Sept.
290 2697 342 2729 29.

364 151 445 200 178
789 145 1202 191 CONTINUATIO
1233 145 1578 192 REGINONIS.
1639 148 1693 192 A.
1717 150 1812 193 967.

361 276 736 338 Romanorum,
778 275 868 342 qui
905 277 1150 325 auctores
1191 272 1519 338 expulsionis
1559 273 1742 325 domni
1779 274 2032 328 Iohannis
2070 293 2241 344 papae

363 345 703 408 videbantur,
752 343 1039 412 suspendio
1078 343 1298 394 interire
1337 344 1511 395 iussit.
1595 344 1725 396 Inde
1764 346 2110 413 progrediens
2147 364 2242 414 per

363 416 635 485 Spoletum
660 417 966 468 Ravennam
999 413 1132 465 adiit
1161 412 1341 481 ibique
1373 413 1574 479 pascha
1606 414 1881 468 celebrans
1907 434 2026 468 cum
2050 417 2242 469 domno

363 487 600 541 Iohanne
646 504 784 555 papa
829 486 1084 554 plurimos
1130 484 1205 536 ibi
1249 502 1313 536 ex
1359 484 1516 537 Italia
1562 491 1613 538 et
1658 486 1922 538 Romania
1966 488 2242 554 episcopos

361 558 681 610 coadunavit
720 563 771 609 et
811 556 998 609 habita
1039 555 1223 608 sinodo
1264 555 1433 607 multa
1472 556 1543 608 ad
1581 557 1873 609 utilitatem
1911 563 2128 609 sanctae
2160 576 2242 610 ec-

363 630 554 683 clesiae
616 626 889 680 adinvenit
949 633 1001 679 et
1060 625 1354 693 apostolico
1408 626 1638 679 Iohanni
1698 627 1884 679 urbem
1938 633 1990 680 et
2042 634 2244 680 terram

360 700 749 752 Ravennatium
822 698 1036 766 aliaque
1103 697 1381 764 complura
1448 698 1632 750 multis
1700 704 1845 751 retro
1914 698 2245 766 temporibus

361 770 615 823 Romanis
660 768 1003 837 pontificibus
1050 767 1232 820 ablata
1275 768 1513 821 reddidit
1559 786 1782 836 eumque
1829 769 1952 822 inde
1991 770 2243 822 *Romam

360 859 480 893 cum
518 857 711 906 magna
748 840 965 891 laeticia
1003 839 1232 903 remisit;
1280 839 1393 907 ipse
1432 858 1553 892 vero
1600 841 1655 892 in
1700 846 1882 907 partes
1923 840 2149 893 Tusciae
2195 846 2249 893 et

362 912 664 963 Lucaniaea
703 910 938 962 secessit.

504 982 725 1033 Interim
771 997 912 1048 papa
951 979 1216 1031 Iohannes
1265 985 1317 1032 et
1364 980 1519 1032 Ottob
1566 981 1859 1048 imperator
1903 982 2019 1048 regi
2065 981 2248 1034 Ottoni

359 1054 569 1105 litteras
622 1052 960 1104 invitatorias
1013 1051 1276 1102 miserunt
1329 1055 1402 1114 et,
1457 1056 1516 1103 ut
1569 1069 1690 1103 cum
1742 1052 1872 1119 ipsis
1922 1052 2020 1104 adc
2068 1053 2248 1105 natale

362 1123 578 1176 Domini
616 1123 817 1174 Romae
856 1120 1233 1174 celebrandum
1271 1121 1567 1185 festinaret,
1608 1122 1895 1176 iusserunt.
1971 1122 2119 1175 Tunc
2156 1141 2250 1176 rex

360 1213 455 1263 pro
509 1193 857 1261 disponendis
910 1193 1062 1259 regni
1113 1193 1342 1259 negotiis
1395 1199 1519 1245 ante
1573 1209 1726 1245 suum
1779 1193 1834 1244 in
1880 1194 2097 1247 Italiam
2147 1194 2249 1246 iter

360 1266 720 1318 Wormaciam
759 1264 902 1317 venit
947 1264 1128 1331 ibique
1173 1264 1228 1314 in
1273 1264 1445 1331 primo
1492 1281 1586 1316 suo
1624 1264 1822 1331 placito
1862 1265 1972 1317 Deo
2018 1265 2249 1334 propitio

362 1337 595 1405 plurima
633 1336 847 1389 futurae
885 1334 1204 1403 prudentiae
1244 1335 1405 1386 simul
1444 1340 1495 1386 et
1533 1335 1846 1388 clementiae
1887 1353 2014 1388 suae
2052 1337 2252 1388 indicia

364 1408 794 1475 premonstravit.
860 1406 1054 1473 Sicque
1084 1405 1400 1458 nativitated
1430 1406 1772 1459 Precursoris
1805 1413 1857 1459 et
1888 1409 2250 1474 apostolorum

364 1479 686 1532 festivitated
724 1476 1157 1530 Fra-nconofurde
1195 1476 1497 1529 celebratad
1531 1478 1635 1530 iter
1666 1496 1821 1530 suum
1853 1478 2250 1531 acceleraturus

362 1552 416 1602 in
458 1551 746 1604 Saxoniam
782 1549 1056 1600 remeavit.

505 1621 585 1672 Ea
622 1625 942 1688 tempestate
983 1618 1202 1670 Asult'us
1241 1617 1581 1671 Treverensis
1621 1618 1790 1671 abbas
1836 1621 2075 1687 presenti
2112 1619 2250 1670 vitae

363 1691 719 1754 subtrahitur3
762 1692 848 1742 cui
879 1689 1247 1742 Thietfridusf
1282 1706 1557 1741 successor
1596 1690 1826 1756 eligitur.
1903 1691 2050 1741 Tunc
2089 1690 2250 1741 etiam

363 1763 588 1816 domnus
635 1761 1070 1829 archiepiscopus
1116 1759 1506 1811 Willihelmusg
1550 1760 1885 1827 aliquantula
1938 1759 2252 1813 infirmitate

362 1834 609 1887 detentus
648 1835 704 1885 in
741 1832 893 1884 brevi
931 1832 1045 1884 Deo
1085 1832 1375 1883 miserante
1415 1831 1685 1883 convaluit
1700 1831 1735 1883 1.

507 1905 715 1956 Domno
763 1905 1085 1970 imperatore
1131 1903 1186 1953 in
1233 1901 1395 1954 Italia
1441 1906 1805 1954 commorante
1849 1901 2012 1970 legati
2057 1901 2252 1954 Nicho-

364 1975 555 2043 phorih
610 1974 903 2027 Grecorum
956 1973 1300 2041 imperatoris
1346 1972 1631 2026 Ravennae
1685 1973 1754 2024 ad
1809 1990 1928 2024 eum
1980 1978 2252 2036 venerunt,

362 2045 659 2099 honorifica
699 2063 879 2099 secum
918 2062 1142 2097 munera
1180 2044 1413 2097 ferentes
1453 2051 1505 2097 et
1541 2061 1729 2114 pacem
1767 2043 1834 2095 ab
1867 2061 1928 2096 eo
1960 2044 2041 2096 vel
2071 2044 2253 2096 amici-

368 2119 506 2170 ciam
544 2122 846 2184 poscentes3
897 2116 1120 2184 quibusi
1158 2114 1548 2168 honorabiliter
1586 2115 1848 2182 susceptis
1894 2115 2252 2182 decenterque

364 2189 602 2241 remissis
642 2189 867 2240 domnus
908 2188 1201 2255 imperator
1247 2187 1496 2238 nuntium
1544 2204 1700 2238 suum
1747 2185 1918 2238 eidem
1959 2186 2252 2237 Grecorum

363 2261 676 2327 imperatori
714 2276 811 2325 pro
852 2257 1226 2325 coniungenda
1272 2257 1328 2308 in
1369 2258 1772 2309 matrimonium
1819 2257 1953 2308 suok
1989 2255 2099 2307 filio
2139 2256 2253 2322 regi

369 2331 555 2382 Ottoni
592 2331 836 2398 privigna
873 2330 1044 2396 ipsius
1083 2327 1381 2391 ''Nichofori‚
1421 2327 1535 2380 filia
1576 2328 1781 2379 scilicet
1818 2327 2047 2378 Romani
2086 2327 2253 2394 impe-

366 2399 623 2463 ratoris²‚
659 2399 1209 2467 Constantinopolim1
1239 2397 1437 2466 dirigit.
1520 2398 1623 2461 Qui
1662 2399 1856 2450 iterum
1888 2397 2071 2450 eodem
2111 2413 2251 2449 anno

368 2476 492 2524 ante
533 2471 712 2523 natale
752 2471 967 2523 Domini
1007 2470 1079 2523 ad
1117 2470 1497 2536 imperatorem
1535 2471 1842 2522 revertitur.

510 2541 715 2594 Eodem
747 2560 887 2594 anno
919 2543 1156 2594 intrante
1190 2540 1501 2608 Septembre
1533 2557 1715 2592 mense
1747 2539 1873 2592 Otto
1905 2557 2000 2592 rex
2030 2539 2255 2591 Romam

368 2614 542 2666 iturus
582 2613 791 2666 decenti
830 2631 885 2666 se
924 2613 1184 2665 comitatu
1223 2629 1465 2680 egressus
1505 2611 1814 2663 memoriam
1849 2611 2022 2663 sancti
2052 2610 2256 2662 Micha—

370 2685 504 2737 helis
551 2685 606 2736 in
652 2685 892 2751 Augusta
946 2685 1160 2736 civitate
1215 2682 1568 2747 celebravitm,
1624 2680 1891 2750 indeque3
1941 2698 2255 2750 progressus

370 2774 464 2823 per
502 2756 831 2808 Trientinam
863 2755 1056 2808 vallem
1088 2755 1295 2807 Verone
1333 2755 1475 2822 patri
1515 2770 1609 2806 suo
1643 2753 1891 2806 occurrit.
1970 2751 2255 2805 Celebrata

371 2883 406 2920 a)
433 2887 467 2915 et
490 2884 635 2922 lucanie
660 2883 827 2914 adraswn
852 2883 880 2913 A
897 2885 926 2914 1.
980 2881 1018 2922 b)
1044 2882 1133 2914 deest
1158 2882 1187 2913 A
1206 2884 1234 2913 1.
1289 2882 1322 2921 c)
1347 2881 1468 2913 natale
1492 2880 1553 2911 dfii
1577 2881 1826 2912 celebraturus
1850 2888 1988 2911 romam
2011 2880 2153 2911 veniret
2174 2879 2205 2910 A
2221 2879 2251 2910 3.

372 2926 408 2964 d)
447 2925 672 2956 nativitatem
699 2950 705 2957 .
736 2949 743 2957 .
773 2949 778 2955 .
805 2926 1046 2956 festivitatem
1072 2947 1081 2956 .
1106 2948 1115 2957 .
1143 2948 1151 2955 .
1177 2925 1391 2963 celebravit3
1438 2928 1563 2963 postea
1601 2924 1631 2954 A
1655 2926 1685 2956 3.
1797 2923 1831 2962 e)
1869 2921 2131 2954 franconevord
2167 2922 2198 2952 A
2221 2921 2254 2951 3.

372 2968 399 3007 f)
425 2968 620 2999 thien-idus
645 2968 674 2999 A
694 2971 722 2999 1.
829 2969 866 3008 g)
891 2967 1153 2999 uuillehelmus
1179 2967 1255 2999 A3.
1361 2966 1402 3007 h)
1431 2967 1618 3006 nicophori
1642 2967 1671 2997 A
1688 2968 1719 2998 3.
1825 2966 1852 3002 i)
1884 2966 2015 3004 quibus
2026 2965 2113 2994 —in
2136 2964 2256 2993 matri—

373 3012 532 3042 monium
556 3010 679 3042 desunt
703 3011 733 3042 A
751 3011 781 3041 3.
879 3011 919 3048 k)
945 3010 1015 3048 Qui
1038 3009 1113 3041 filio
1136 3018 1202 3041 suo
1226 3017 1374 3041 uxorem
1399 3010 1606 3049 privignam
1630 3010 1699 3048 ips.
1726 3008 1925 3047 nicophori,
1948 3016 2035 3038 rom.
2063 3005 2141 3038 scil.
2166 3006 2254 3043 imp.

373 3052 466 3125 fil..d.
488 3076 495 3083 .
518 3078 523 3083 .
544 3053 761 3091 desponsare
787 3052 998 3084 desiderans
1024 3053 1053 3083 A
1070 3054 1101 3084 3.
1170 3054 1197 3092 1)
1225 3052 1596 3084 const.-revertitur
1620 3052 1744 3082 desunt
1766 3052 1796 3082 A
1812 3052 1842 3083 3.
1912 3049 1961 3087 m)
1989 3049 2060 3079 hic
2083 3047 2256 3079 desinit

374 3106 420 3126 co
459 3120 464 3125 .
498 3097 527 3126 A
554 3100 569 3127 1
601 3097 798 3127 mutilus.

376 3194 416 3244 1)
464 3194 612 3237 Paulo
647 3199 752 3247 post
791 3199 938 3238 tamen
986 3199 1186 3237 mortuus
1224 3199 1288 3237 est
1328 3207 1370 3236 α.
1403 3193 1486 3236 968
1526 3192 1667 3234 Mart.
1692 3191 1729 3233 2.
1873 3189 1915 3241 2)
1963 3190 2051 3240 IL,
2083 3188 2135 3232 de
2165 3203 2255 3244 qua

376 3249 434 3303 cf.
458 3251 556 3292 Iole.
576 3251 847 3302 Moltmann,
873 3248 1193 3303 ‘Theophano’
1218 3250 1437 3299 (Dz'sserc.
1457 3247 1716 3301 Gotte'n9.c1.
1736 3247 1879 3298 1878).
1955 3245 1998 3297 3)
2024 3247 2115 3298 Εα,
2141 3259 2256 3301 quae

375 3311 635 3361 sequuntur,
666 3320 937 3361 quamquam
963 3307 1091 3359 apud
1113 3319 1254 3348 unum
1278 3305 1571 3349 Annalistam
1596 3304 1821 3346 Saxonem
1852 3304 2075 3357 leguntur,
2107 3308 2256 3346 tamen

373 3364 619 3417 yenuz'nam
651 3364 787 3406 huius
818 3363 964 3416 operis
990 3368 1168 3416 partem
1200 3375 1294 3405 esse
1324 3374 1451 3404 nemo
1475 3361 1567 3403 iam
1591 3365 1747 3413 megan
1787 3360 1845 3412 cf.
1870 3359 2076 3412 Leibm'z,
2108 3357 2255 3403 ‘Anw

375 3420 505 3473 imp!
549 3421 651 3472 III,
698 3420 801 3472 198,
862 3419 1033 3470 Waz'tz,
1081 3417 1411 3461 ίΝασῆνίσὴτεη
1456 3417 1497 3459 d.
1539 3415 1772 3471 Gottinyer
1814 3416 2078 3461 Gesellsch.²
2129 3415 2254 3469 1871,

372 3490 418 3531 p.
443 3477 528 3520 370
550 3489 630 3530 sq„
669 3477 904 3519 Dilmmler
933 3475 1018 3518 423
1050 3489 1091 3518 n.
1116 3476 1157 3528 3,
1204 3474 1361 3518 Werra
1394 3474 1447 3517 55
1472 3487 1513 3516 n.

2269 784 2287 803 *¹
2309 795 2344 825 p.
2363 786 2439 818 629.
