2491 3724
2 2364 8 2374 ²
31 2371 67 2401 p.
86 2361 149 2393 548
159 2363 188 2392 b.

592 138 919 183 REGINONIS
950 139 1308 184 CHRONICON.
1369 140 1422 183 A.
1448 142 1699 184 498—509.
2022 145 2073 186 21

215 266 534 320 politanum,
583 280 608 308 a
651 266 960 310 Iustiniano
1005 267 1056 309 in
1105 267 1325 310 exilium
1371 266 1634 317 truditur;
1681 270 1964 309 revocatus
2012 269 2073 310 ab

217 323 399 372 exilio,
444 335 553 364 cum
593 323 806 365 Romam
849 327 1235 374 reverteretur,
1279 324 1326 366 in
1371 322 1532 365 Sicilia
1574 322 1765 364 civitate
1807 322 2073 366 Siracusana

216 379 373 421 calculi
404 378 555 421 dolore
587 380 832 422 moritur.
893 379 1103 433 Pelagius
1132 381 1179 422 in
1209 378 1541 433 pontificatu
1574 378 1828 421 succedit.

355 434 455 477 Per
491 434 627 477 idem
666 438 873 489 tempus
911 435 1164 486 Albuinus,
1207 435 1365 477 filius
1404 434 1650 484 Oduinia‚
1693 434 2063 489 Langobardis
2088 442 2316 479 P.D.1‚27.

214 491 305 533 iam
346 490 539 533 decimus
580 492 832 546 imperat,
876 492 950 546 qui
991 492 1131 534 filiam
1174 490 1404 534 Clotharii
1448 492 1580 546 regis
1619 491 1884 534 Francorum
1925 489 2074 534 Cloth-

214 546 415 589 suindam
446 548 493 590 in
523 549 867 591 matrimonium
897 547 1102 590 habuit.

355 602 662 647 Childebertus
693 618 765 646 rex
797 604 1116 646 Francorum
1155 616 1268 645 cum
1300 604 1544 646 exercitu
1576 603 1837 657 Hispaniam
1869 604 2063 645 intrat.
2093 610 2286 641 H.Fr.2.3.

214 660 485 702 Amalricum
528 674 690 715 regem,
733 659 911 702 filium
953 659 1163 701 Alarici
1205 660 1258 701 in
1299 659 1473 712 prelio
1511 660 1807 714 extinguit,
1848 661 2072 702 multum

216 730 398 759 aurum
430 720 483 760 et
514 719 794 771 argentum
825 715 948 758 inde
981 715 1313 768 absportatb.
1374 714 1654 758 clothariusc
1683 716 1796 758 filios
1828 716 1978 758 fratris
2003 717 2068 758 sui
2094 722 2143 751 ib·
2171 723 2223 752 24-

215 771 460 815 Clodomeri
491 772 631 815 cultro
662 771 914 814 confodit.
975 771 1265 814 Theodoricus
1302 785 1376 814 rex
1405 773 1645 815 moritur.
1715 772 2074 816 Theodobertus<l
2098 777 2145 807 ib·
2171 777 2223 808 25-

213 829 330 871 filius
362 829 452 871 eius
483 831 609 882 post
640 841 752 870 eum
783 829 1023 882 regnat*

974 949 1093 1009 498
1108 983 1175 989 —
1190 950 1324 1009 509.
1990 940 1993 944 ’
2101 967 2177 1006 (³365
2189 968 2334 999 —578·›.

357 1052 507 1102 Anno
568 1051 863 1102 dominicae
932 1052 1319 1102 incarnationis
1388 1050 1815 1103 CCCCXCVIH.
1879 1066 2077 1108 Iustinus
2103 1073 2211 1103 Beda.

213 1122 355 1165 minor
385 1123 638 1178 regnavit
669 1137 802 1165 annos
826 1122 901 1165 XI.
962 1122 1154 1165 Narsese
1183 1123 1395 1176 patricius
1427 1123 1621 1165 Totilam
1652 1136 1801 1177 regem
1834 1122 2075 1166 Gothorum

212 1180 257 1221 in
302 1178 440 1221 Italia
480 1179 653 1222 occidit.
728 1179 874 1222 Idem
913 1192 1023 1221 cum
1062 1178 1273 1222 ducibus
1305 1179 1606 1222 Theodoberti
1644 1180 1775 1234 regis
1809 1179 2074 1221 Francorum
2098 1185 2140 1215 P.
2161 1185 2206 1215 Ι)-
2226 1184 2273 1222 11,
2299 1185 2329 1214 2-

213 1234 471 1278 Bucellinof
498 1238 550 1278 et
572 1236 812 1290 Emingog,
845 1235 935 1290 qui
959 1235 1141 1277 Italiam
1173 1235 1633 1288 depredabantur,
1665 1237 1935 1291 pugnavit
1966 1249 2075 1277 eos-

215 1304 311 1346 que
352 1292 648 1335 interfecit.
721 1292 919 1334 Narses
961 1291 1077 1344 apud
1116 1291 1338 1333 Iustinum
1381 1294 1425 1333 et
1468 1292 1559 1333 eius
1598 1292 1829 1346 coniugem
1868 1291 2074 1345 Sophiam
2100 1297 2211 1328 Beda-

213 1348 494 1391 accusaturh
536 1362 568 1391 a·
598 1348 868 1396 Romanis,
921 1347 1037 1402 quod
1077 1348 1258 1390 servitio
1296 1348 1476 1390 Italiam
1517 1352 1756 1400 premeret3
1807 1349 1877 1391 eti
1919 1348 2071 1390 statim
2099 1354 2140 1384 P·
2159 1354 2203 1384 D.
2224 1353 2272 1392 11,
2300 1354 2330 1384 5-

212 1404 450 1458 Longinus
487 1404 720 1458 prefectus
758 1404 997 1453 mittitur,
1038 1404 1114 1459 qui
1145 1403 1346 1446 Narsetis
1378 1404 1521 1446 locum
1552 1403 1786 1447 obtineret.
1849 1402 1929 1447 Cui
1959 1405 2078 1446 inter

213 1463 357 1503 cetera
398 1461 616 1514 Sophia,
660 1461 764 1515 quia
806 1460 1024 1502 eunuchus
1066 1462 1174 1510 erat,
1217 1460 1311 1503 hoc
1349 1459 1491 1502 fertur
1521 1459 1770 1510 mandasse,
1811 1460 1945 1516 quod
1979 1474 2075 1502 eum

211 1516 371 1570 puellis
415 1517 460 1559 in
508 1517 678 1571 genitio
722 1517 923 1559 lanarum
967 1515 1133 1559 faceret
1175 1530 1332 1570 pensas
1378 1516 1585 1559 dividere.
1653 1515 1729 1558 Ad
1774 1517 1901 1559 haec
1946 1517 2079 1559 illek

212 1572 514 1626 respondit,
559 1573 698 1616 talem
740 1587 785 1615 se
826 1574 866 1615 ei
904 1573 1041 1615 telam
1083 1572 1343 1622 orditurum,
1384 1573 1558 1628 qualem
1604 1573 1714 1626 ipsa,
1755 1573 1856 1615 dum
1895 1574 2075 1621 viveret,

211 1629 424 1682 deponere
469 1643 553 1672 non
598 1633 764 1683 posset3
808 1630 1104 1685 statimque
1147 1630 1273 1684 genti
1310 1629 1705 1684 Langobardorum
1744 1629 1981 1680 mandat,
2028 1634 2078 1671 ut
2101 1635 2213 1666 Beda.

211 1686 413 1728 venirent
443 1689 488 1728 et
517 1686 792 1740 possiderent
821 1686 1018 1728 Italiam.

351 1742 570 1785 Iohannes
598 1757 715 1797 papa
744 1743 988 1785 Romanam
1019 1743 1248 1785 ecclesiam
1279 1742 1440 1798 regitl.
2100 1748 2194 1787 (3.1)-
2214 1750 2256 1779 R-

352 1797 660 1842 Childebertus
685 1802 729 1842 et
751 1798 1003 1842 Clotharius
1026 1813 1177 1854 reges
1203 1813 1313 1842 cum
1339 1799 1531 1842 exercitu
1554 1799 1816 1852 Hispaniam
1841 1800 2074 1847 intrant,
2100 1807 2144 1836 H·
2168 1806 2224 1836 Fr.
2243 1806 2295 1836 26.

212 1852 640 1909 Cesaraugustanam
673 1856 945 1898 civitatemm
976 1856 1225 1898 obsident.
1287 1855 1438 1898 Cives
1470 1855 1617 1898 induti
1648 1855 1801 1897 ciliciis
1833 1856 2075 1897 tunicamu

212 1911 388 1954 sancti
429 1912 655 1954 Vincentii
697 1925 854 1965 super
899 1926 1084 1954 murum
1127 1912 1480 1954 circumferunt
1525 1913 1792 1967 Deumque
1838 1912 2075 1954 contrito

213 1967 365 2010 corde
415 1970 606 2010 exorant.
687 1969 830 2022 Reges
877 1968 1060 2011 divina
1104 1969 1500 2022 inspiratione0
1546 1969 1896 2011 miseratione
1943 1967 2075 2009 flexi

211 2023 548 2066 obsidionem
580 2025 811 2068 solvunt.
872 2025 1123 2079 Episcopus
1158 2025 1392 2067 eiusdem
1425 2026 1619 2067 civitatis
1644 2023 1936 2067 Childeberto
1960 2024 2076 2078 regi

209 2093 300 2132 pro
342 2093 555 2123 munere
597 2082 758 2124 stolam
795 2081 921 2123 beati
960 2082 1184 2123 Vincentii
1223 2081 1327 2124 dat.
1396 2082 1542 2124 Idem
1580 2095 1666 2124 rex
1697 2082 1893 2124 Parisius
1932 2080 2076 2123 basi-

211 2135 371 2178 licam
401 2137 447 2178 in
478 2137 716 2180 honoremp
746 2137 898 2180 beatiq
930 2138 1153 2180 Vincentii
1184 2139 1447 2181 construit
1462 2147 1489 2180 Γ.

352 2193 583 2236 Albuinus
631 2207 739 2236 cum
787 2193 1158 2249 Langobardis
1205 2195 1428 2237 Italiam
1475 2195 1687 2236 intravit
1731 2197 1782 2236 et
1823 2193 2328 2238 Gisulfu1nsP.D.11‚9.

210 2250 414 2302 nepotem
446 2263 572 2292 suum
604 2250 902 2293 Foroiulanist
939 2250 1137 2304 prefecit.

353 2305 681 2349 Theodobertus
720 2321 795 2349 rex
826 2307 1019 2349 Italiam
1065 2307 1259 2355 intrat,
1302 2321 1413 2350 cum
1445 2305 1763 2362 Langobardis
1807 2309 2075 2349 certamen
2100 2313 2147 2343 H.
2171 2314 2230 2344 Fr.
2255 2314 2306 2344 26.

217 2360 354 2404 *init
384 2376 572 2418 eosque
603 2365 844 2417 superat,
876 2364 931 2406 in
955 2364 1240 2406 Franciam
1262 2377 1458 2406 reversus
1483 2364 1717 2406 moritur.
1765 2363 1879 2406 Non
1909 2363 2076 2418 multo
2100 2370 2147 2400 ib·
2173 2371 2225 2401 Ξῖ.

210 2420 328 2470 post
357 2420 595 2473 tempore
626 2418 935 2463 Childebertus
958 2433 1032 2462 rex
1055 2420 1252 2462 Parisius
1283 2421 1512 2463 moritur
1543 2423 1596 2463 et
1620 2421 1666 2462 in
1691 2419 1877 2462 basilica
1900 2420 2075 2461 sancti
2099 2427 2147 2457 ib.
2173 2427 2224 2457 28.

209 2474 438 2517 Vincentii
461 2476 729 2529 sepelitur.
782 2477 986 2531 Regna,
1020 2485 1184 2532 quaeu
1208 2476 1410 2520 fratres
1435 2479 1487 2519 et
1517 2480 1739 2530 nepotes
1763 2479 2073 2519 tenuerant.

210 2529 264 2570 in
294 2528 527 2573 Clotharii
561 2531 887 2587 rediguntur
916 2535 1238 2586 potestatev.

351 2586 446 2628 His
483 2588 754 2641 temporibus
784 2588 1018 2631 Medardus
1057 2590 1281 2643 episcopus
1311 2590 1526 2644 migravit
1564 2589 1620 2631 ad
1650 2589 1900 2638 dominum;
1944 2602 2071 2642 quem
2097 2596 2141 2626 H.
2164 2596 2222 2626 Fr.
2240 2596 2292 2625 ἓν.

211 2638 462 2684 Clotharius
507 2656 582 2685 rex
629 2657 724 2686 cum
772 2644 957 2687 debito
1001 2645 1196 2688 honore
1242 2645 1483 2688 Suessionis
1529 2646 1747 2698 sepelivit.
1821 2645 1928 2687 Post
1969 2645 2075 2686 haec

210 2695 522 2740 Clotharius
573 2700 839 2743 moriturW
892 2703 944 2743 et
994 2701 1039 2743 in
1084 2701 1269 2744 basilica
1321 2702 1498 2744 sancti
1550 2701 1775 2744 MedardiX
1830 2701 2072 2754 sepelitur.

211 2751 405 2804 Quatuor
452 2754 567 2797 filii
610 2756 724 2798 eius
762 2765 960 2810 regna-v
1007 2757 1124 2800 inter
1170 2771 1214 2800 se
1257 2757 1555 2800 diviserunt.
1634 2757 2071 2800 Herechbertusz-¹

208 2823 396 2864 regnum
434 2809 710 2855 Childeberti
755 2813 924 2867 accepit-
970 2816 1021 2855 et
1059 2813 1205 2856 sedem
1244 2814 1440 2856 Parisius
1486 2814 1695 2863 habuit,
1742 2813 2076 2856 Guntranmusa

305 2908 344 2961 *)
377 2908 520 2952 Huius
558 2911 829 2964 temporibus
859 2911 1016 2954 beatus
1047 2911 1247 2954 Nicetius
1281 2911 1538 2955 Trevericae
1577 2912 1692 2954 sedis
1725 2912 2075 2966 archiepiscopus

377 2965 491 3009 mira
521 2967 761 3010 sanctitate
793 2966 969 3010 refulsit
1000 2970 1105 3011 add.
1131 2972 1186 3011 A.

208 3060 244 3100 a)
273 3062 392 3094 odoini
414 3064 491 3095 A2.
595 3065 634 3101 b)
667 3069 822 3104 asportat
844 3065 875 3096 A
891 3067 923 3097 2.
1027 3066 1060 3105 c)
1092 3065 1303 3097 Glotharius
1329 3067 1361 3096 Β
1377 3068 1413 3104 1;
1454 3066 1644 3096 eloi-rarius
1670 3067 1701 3096 Β
1718 3066 1747 3096 2.
1853 3065 1888 3103 d)
1918 3065 2075 3096 theodol-

205 3103 332 3135 bertus
355 3106 387 3136 B
403 3108 434 3137 1.
522 3105 556 3146 e)
586 3107 714 3138 Narsis
737 3107 768 3138 A
784 3109 815 3140 2.
913 3109 942 3148 f)
973 3109 1179 3140 buccellino
1202 3108 1233 3138 A
1251 3109 1288 3142 2:
1328 3108 1525 3139 bulcellino
1549 3108 1580 3138 Β
1596 3109 1627 3139 2.
1723 3106 1760 3147 g)
1790 3109 1969 3146 emmIngo
1994 3109 2025 3138 Β
2042 3111 2071 3138 3.

205 3145 246 3186 h)
269 3151 462 3179 accusatus
487 3149 517 3180 A
533 3151 564 3180 2.
653 3150 681 3190 i)
704 3149 794 3181 deest
816 3150 847 3181 A
865 3152 897 3182 2.
983 3151 1025 3189 k)
1048 3150 1098 3182 At
1121 3151 1183 3182 ille
1206 3151 1236 3181 A
1253 3153 1284 3181 2.
1372 3150 1398 3189 1)
1420 3152 1513 3189 regit
1535 3151 1623 3181 eccl.
1649 3149 1679 3180 A
1696 3152 1728 3180 2.
1803 3150 1852 3191 m)
1875 3152 1961 3181 intr.
1978 3151 2072 3188 hisp.

206 3191 243 3219 et
265 3198 371 3221 cesar
394 3191 579 3223 civitatem
602 3195 632 3223 A
648 3193 680 3222 2.
727 3191 765 3232 n)
790 3195 945 3225 tonicam
967 3195 1000 3225 Β
1017 3196 1046 3224 1.
1072 3195 1105 3225 2.
1151 3194 1184 3232 o)
1207 3193 1299 3224 deese
1321 3192 1352 3223 A
1369 3194 1398 3223 2.
1453 3195 1492 3232 p)
1516 3193 1650 3224 honore
1672 3192 1703 3222 A
1719 3193 1749 3223 2.
1797 3193 1834 3231 q)
1857 3194 1969 3224 sancti
1994 3194 2025 3223 Β
2041 3196 2071 3223 3.

206 3229 238 3270 r)
272 3234 473 3263 construxit
494 3235 525 3264 Β
542 3236 573 3265 1.
685 3234 717 3273 s)
749 3236 980 3272 gisulfulfum
1005 3237 1036 3266 Β
1052 3237 1083 3267 2.
1202 3236 1229 3275 t)
1263 3235 1476 3266 foroiuliani
1498 3235 1528 3266 A
1545 3237 1576 3266 2.
1688 3236 1725 3273 u)
1760 3235 1969 3274 Reginaque
1994 3236 2025 3265 Β
2040 3236 2071 3265 2.

205 3274 246 3311 v)
268 3277 481 3312 potestatem
503 3275 534 3306 A
550 3278 591 3316 23
614 3278 793 3315 potestare
816 3279 848 3309 Β
863 3281 896 3310 2.
950 3277 996 3316 w)
1018 3287 1081 3309 rex
1105 3287 1187 3308 cum
1211 3277 1329 3309 debito
1354 3287 1418 3309 suo
1442 3279 1593 3309 moritur
1616 3278 1648 3308 Β
1663 3279 1696 3308 2.
1750 3279 1787 3315 x)
1810 3278 1969 3308 merdadi
1995 3278 2024 3306 B
2043 3281 2069 3306 1.

206 3314 253 3395 ἔξ]
266 3322 391 3388 rtegnat
414 3319 496 3391 {322⁰
602 3320 638 3358 z)
672 3319 904 3351 herecbertus
928 3322 960 3351 B
977 3321 1016 3359 2;
1053 3320 1341 3351 herechubertus
1366 3321 1442 3352 B3.
1564 3319 1598 3359 a)
1632 3323 1861 3358 guntrannus
1884 3320 1913 3350 A
1932 3323 1961 3350 2.
1989 3321 2018 3349 Β
2035 3320 2072 3350 3:

256 3367 278 3388 n
295 3367 405 3390 tanus
500 3383 507 3392 .

207 3442 249 3493 1)
281 3440 577 3487 Charebertus
606 3446 727 3490 Hist.
750 3447 922 3491 Franc.
955 3445 1263 3499 (Cherebertus
1296 3447 1389 3490 cod.
1424 3448 1467 3489 Β
1494 3447 1591 3499 la).
