2491 3724
30 790 48 807 '¹
66 801 105 830 p.
123 792 224 823 5641».

703 197 1030 241 REGINONIS
1063 197 1420 242 CHRONICON.
1481 198 1534 242 A.
1557 201 1652 244 808.
2051 208 2105 249 67

250 323 368 365 inter
404 321 604 376 predicta
642 336 822 365 munera
860 322 943 365 duo
974 322 1237 365 candelabra
1275 337 1324 366 ex
1356 325 1572 368 auricalco
1608 326 1745 368 mirae
1784 327 2104 380 magnitudinis

251 382 296 420 et
325 379 616 431 proceritatis,
657 393 766 434 quae
797 381 944 421 omnia
976 379 1114 434 Aquis
1144 381 1384 432 reposita
1415 384 1530 423 sunt.
1601 381 1878 435 Imperatora
1909 383 2107 437 legatum

251 437 296 476 et
325 434 558 477 monachos
589 448 666 488 per
697 435 875 489 aliquod
905 436 1111 488 tempusb
1142 448 1287 477 secum
1325 437 1518 479 retinens
1548 437 1884 490 postmodum
1918 448 2030 481 eosc
2061 441 2108 482 in

249 490 431 532 Italiam
469 490 629 533 direxit
667 494 798 546 atque
836 491 900 532 ibi
937 494 1110 543 tempus
1148 492 1445 545 navigationis
1485 496 1711 546 expectare
1743 494 1884 536 iussit.
1945 494 2107 537 Eodem

250 559 363 589 anno
392 546 694 589 Burchardum
726 547 931 590 comitem
962 547 1129 588 stabuli
1159 547 1239 595 sui,
1280 546 1421 611 quod
1459 554 1705 614 corrupte
1737 550 2105 600 constabulum

250 602 601 667 appellamus,
648 630 745 658 cum
785 617 921 658 classe
958 616 1084 658 misit
1121 616 1167 657 in
1205 614 1448 666 Corsicam,
1491 620 1542 660 ut
1573 632 1670 660 eam
1709 633 1733 660 a
1763 619 1929 662 Mauris
1962 620 2107 663 defen-

251 671 386 720 deret,
427 673 502 727 qui
538 672 708 726 predas
747 672 869 713 illic
909 671 1240 713 exercebant.
1309 671 1393 722 Qui
1423 674 1545 715 iuxta
1584 675 1944 718 consuetudinem
1984 691 2108 719 suam

249 728 302 771 de
340 728 556 782 Hispania
593 729 757 782 egressi
794 728 936 781 primo
975 726 1224 769 Sardiniam
1272 728 1445 781 appulsi
1484 732 1587 772 sunt
1632 730 1784 785 ibique
1823 745 1919 774 cum
1957 732 2108 775 Sardis

250 785 388 837 prelio
419 785 646 827 commisso
678 786 721 826 et
752 782 933 825 *multis
964 796 1138 824 suorum
1170 784 1341 825 amissis
1372 807 1424 814 —
1456 785 1589 827 namd
1621 787 1711 828 tria
1741 788 1867 830 milia
1904 789 1969 831 ibi
2001 791 2107 832 ceci·

249 840 362 882 disse
399 840 699 893 perhibentur,
738 862 794 868 -—
831 839 878 880 in
908 837 1128 880 Corsicam
1159 842 1280 881 recto
1318 853 1444 882 cursu
1481 845 1740 892 venerunte;
1775 843 1839 886 ibi
1869 845 2031 887 iterum
2062 847 2109 888 in

249 895 437 950 quodam
468 899 595 949 portu
627 894 821 937 eiusdem
851 895 1022 936 insulae
1053 908 1150 936 cum
1175 895 1325 945 classe,
1357 897 1425 938 cui
1447 897 1724 940 Burchardus
1749 904 1937 953 preerat,
1968 902 2108 954 prelio

247 951 555 994 decertaruntf
586 951 810 1005 victique&
842 964 890 992 ac
921 950 1068 1003 fugati
1097 954 1212 1001 sunt,
1246 953 1417 994 amissis
1447 953 1690 996 tredecimh
1722 956 1906 999 navibus
1939 961 1982 1000 et
2011 959 2107 1011 plu-

246 1008 369 1049 rimis
400 1021 573 1050 suorum
603 1007 861 1049 interfectis.
929 1007 1050 1049 Adeo
1081 1007 1159 1049 illo
1191 1021 1304 1050 anno
1340 1009 1387 1050 in
1419 1009 1620 1052 omnibus
1659 1010 1764 1053 locis
1804 1012 1984 1055 adversa
2023 1015 2107 1057 for-

245 1066 354 1106 tuna
390 1063 577 1117 fatigati
614 1066 735 1113 sunt,
773 1065 824 1105 ut
860 1063 947 1116 ipsi
983 1063 1069 1105 sibi
1107 1063 1312 1106 idcirco
1349 1065 1430 1107 hoc
1469 1066 1677 1109 accidisse
1711 1070 1872 1111 testati
1909 1070 2016 1115 sint,
2058 1084 2107 1113 eo

247 1119 362 1174 quod
392 1134 504 1163 anno
534 1120 775 1172 superiorei
814 1122 966 1161 contra
997 1133 1168 1162 omnem
1200 1121 1422 1163 iustitiam
1453 1121 1506 1164 de
1538 1122 1804 1166 Patalariak
1833 1125 1977 1168 insula
2002 1126 2108 1168 LXi

246 1176 478 1218 monachos
517 1178 761 1229 asportatos
800 1176 846 1217 in
882 1175 1101 1229 Hispania
1139 1176 1449 1227 vendiderunt3
1490 1192 1673 1232 quorum
1713 1181 1850 1235 aliqui
1889 1195 1966 1235 per
1996 1182 2106 1224 libe-

245 1232 474 1274 ralitatem
504 1232 782 1285 imperatoris
812 1233 974 1273 iterum
1005 1232 1058 1273 in
1089 1241 1209 1274 suam
1234 1233 1327 1275 loca
1349 1235 1511 1276 reversi
1535 1238 1648 1277 sunt.
1696 1235 1857 1279 Niceta
1880 1238 2106 1290 patricius,

246 1288 321 1342 qui
353 1301 449 1330 cum
480 1288 616 1330 classe
648 1287 1139 1341 Constantinopolitana
1170 1288 1352 1331 sedebat
1391 1290 1437 1331 in
1469 1290 1676 1340 Venetia,
1715 1306 1822 1345 pace
1859 1293 1978 1336 facta
2009 1308 2107 1336 cum

246 1344 435 1397 Pippino
465 1357 568 1398 rege
601 1346 644 1386 et
674 1343 860 1386 induciis
892 1357 1027 1398 usque
1060 1343 1115 1385 ad
1138 1357 1332 1386 mensem
1356 1344 1609 1399 Augustum
1642 1349 1881 1401 acceptis
1912 1351 2105 1392 statione

244 1400 388 1441 soluta
418 1399 845 1453 Constantinopolim
875 1413 1096 1453 regressus
1129 1402 1207 1442 est.
1275 1401 1333 1442 Et
1364 1401 1608 1444 celebravit
1637 1403 1880 1457 imperator
1910 1407 2108 1448 natalem

244 1455 423 1498 Domini
453 1455 592 1510 Aquis
624 1458 675 1498 et
705 1455 866 1509 pascha
897 1456 1172 1498 similiter.

384 1512 532 1554 Anno
563 1511 866 1554 dominicae
897 1512 1299 1554 incarnationis
1331 1511 1604 1556 DCCCVIII.
1642 1514 1814 1569 hiemps
1846 1517 2107 1560 mollissima

244 1569 295 1609 et
323 1568 534 1620 pestilens
565 1567 697 1610 fuitn.
756 1569 869 1610 Vere
899 1568 1134 1610 inchoante
1165 1569 1406 1621 imperator
1436 1570 1716 1624 Niumagal
1747 1572 1966 1625 profectus
1998 1578 2106 1616 est0

243 1626 295 1665 et
325 1624 544 1666 celebrato
575 1624 640 1666 ibi
663 1624 825 1677 pascha
854 1623 1017 1666 iterum
1041 1623 1182 1679 Aquis
1214 1625 1503 1678 repedavit.
1564 1627 1666 1669 Ubi
1696 1630 1966 1672 nuntiatum
1998 1634 2106 1673 estp

243 1680 310 1729 ei,
357 1679 671 1722 Godefridumq
715 1693 866 1734 regem
909 1680 1135 1722 Danorum
1183 1681 1361 1734 copias
1414 1683 1461 1724 in
1505 1682 1821 1739 Abrpjcidesr
1864 1686 2103 1728 traiecisse.

242 1735 509 1778 Adversus
548 1750 697 1791 quem
735 1735 969 1779 Carolums
1006 1736 1149 1778 filium
1190 1751 1315 1779 suum
1358 1751 1455 1780 cum
1495 1741 1735 1782 exercitu
1772 1742 1909 1793 misit,
1949 1742 2103 1785 iubens

242 1804 399 1834 vesano
436 1793 534 1847 regi
570 1793 793 1843 resistere,
833 1793 870 1834 si
902 1793 1115 1835 Saxoniae
1147 1794 1360 1837 terminos
1400 1795 1589 1849 aggredi
1619 1799 1876 1849 temptaret.
1937 1797 2104 1841 Gode-

242 1846 415 1890 fridus
446 1849 730 1902 expugnatist
768 1849 1042 1903 aliquantis
1067 1849 1318 1891 Sclavorum
1343 1851 1551 1900 castellis,
1577 1865 1673 1894 cum
1697 1866 1858 1908 magno
1882 1854 2104 1907 copiarum

243 1917 417 1945 suarum
456 1904 721 1947 detrimento
759 1905 813 1946 in
849 1905 1083 1958 patriam
1122 1919 1317 1948 reversus
1356 1909 1435 1949 est.
1507 1907 1623 1950 Nam
1661 1909 1768 1951 licet
1805 1910 2104 1953 Drasconemu

242 1959 395 2002 ducem
435 1959 782 2003 Abrotidorumr
821 1961 913 2003 loco
954 1962 1216 2014 pepulisset,
1260 1961 1587 2006 Godelaibumv
1628 1965 1765 2007 alium
1808 1965 1961 2008 ducem
2004 1967 2101 2010 dolo

243 2018 419 2069 captum
458 2017 660 2070 patibulo
697 2017 1008 2070 suspendisset,
1040 2017 1384 2060 Abrotidorumr
1415 2019 1520 2062 duas
1557 2023 1705 2073 partes
1743 2022 1830 2063 sibi
1860 2023 2101 2077 vectigales

241 2071 432 2122 fecisset,
465 2074 651 2126 optimos
683 2075 834 2115 tamen
872 2074 1067 2115 militum
1099 2087 1270 2116 suorum
1312 2078 1359 2117 et
1389 2090 1522 2118 manu
1552 2078 1904 2130 promptissimos
1937 2080 2101 2128 amisit,

242 2130 287 2170 et
317 2141 414 2170 cum
447 2129 507 2170 eis
538 2129 679 2171 filium
710 2129 862 2171 fratris
893 2131 960 2171 sui
973 2139 1018 2179 W,
1055 2131 1231 2172 nomine
1262 2131 1658 2185 Reginbaldum2,
1693 2135 1767 2189 qui
1798 2135 1844 2176 in
1877 2149 2101 2190 oppugna.-

238 2185 359 2226 tione
393 2185 616 2228 cuiusdam
647 2185 798 2239 oppidi
829 2199 926 2227 cum
956 2186 1158 2239 plurimis
1182 2187 1405 2230 Danorum
1436 2189 1699 2242 primoribus
1730 2190 1989 2234 interfectus
2021 2195 2100 2234 est.

239 2239 525 2293 Imperatoris
569 2241 686 2283 filius
733 2241 946 2284 AlbiamX
988 2246 1154 2295 ponte?
1204 2243 1348 2285 iunxit
1394 2248 1439 2286 et
1490 2246 1748 2295 exercitum,
1802 2247 1870 2288 cui
1912 2252 2100 2300 preerat,

237 2296 283 2338 in
308 2297 526 2339 Linonesz
551 2300 595 2340 et
619 2297 910 2353 Smeldingos,
943 2299 1018 2353 qui
1049 2301 1093 2340 et
1119 2299 1205 2352 ipsi
1230 2299 1315 2341 ada
1343 2300 1631 2343 Godefridum
1661 2315 1811 2356 regem
1836 2302 2099 2352 defecerant,

239 2357 406 2407 quanta
434 2354 611 2406 potuitb
649 2354 875 2409 celeritate
913 2356 1185 2408 transposuit
1221 2356 1559 2412 populatisqueo
1590 2358 1928 2414 circumquaque
1952 2373 2100 2402 eorum

239 2409 357 2462 agris
397 2410 588 2452 transito
628 2410 791 2452 iterum
831 2411 1010 2453 flumine
1055 2425 1152 2453 cum
1190 2411 1430 2455 incolumid
1468 2414 1658 2456 exercitu
1695 2414 1742 2456 in
1786 2414 2017 2458 Saxoniam
2056 2430 2100 2458 se

238 2465 418 2517 recepit.
486 2465 725 2508 Fuerunt
763 2480 861 2508 cum
898 2466 1137 2509 Godefrido
1175 2468 1222 2510 in
1263 2468 1464 2521 predicta
1503 2470 1779 2523 expeditione
1819 2471 1978 2517 Sclavi.
2026 2473 2101 2527 qui

238 2519 442 2562 dicuntur
471 2521 647 2572 Wilzie‚
687 2522 763 2576 qui
800 2525 980 2576 propter
1018 2524 1225 2578 antiquas
1256 2525 1530 2575 inimicitias,
1574 2540 1680 2581 quas
1712 2540 1809 2568 cum
1840 2527 2101 2570 Abrotidisr

237 2575 399 2618 habere
436 2576 650 2627 solebant,
688 2581 840 2630 sponte
878 2592 922 2620 se
960 2580 1121 2632 copiisf
1163 2593 1310 2622 eorum
1341 2581 1578 2624 iunxerunt
1614 2583 1793 2638 ipsoque
1831 2583 1878 2624 in
1915 2597 2100 2638 regnum

237 2633 486 2674 revertente
517 2645 614 2674 cum
644 2632 798 2686 preda,
838 2648 970 2689 quam
999 2636 1047 2677 in
1084 2635 1352 2679 Abrotidesg
1383 2641 1691 2691 coeperant,
1732 2641 1777 2682 et
1806 2639 1892 2692 ipsi
1923 2639 2100 2682 domum

236 2687 425 2729 reversi
447 2689 562 2730 sunt.
596 2687 857 2732 Godefridus
874 2703 987 2741 vero,
1011 2692 1268 2746 priusquam
1285 2696 1594 2747 reverteretur,
1620 2693 1843 2737 destructo
1859 2696 2051 2748 emporio
2062 2696 2098 2745 h,

238 2742 351 2797 quod
392 2743 440 2785 in
482 2744 632 2786 oceani
673 2745 851 2787 littorei
902 2747 1193 2790 constitutum
1242 2750 1358 2791 erat
1397 2751 1442 2792 et
1486 2750 1640 2804 lingua
1678 2750 1902 2793 Danorum
1940 2751 2099 2793 Rerich

237 2799 466 2841 dicebatur
496 2802 541 2842 et
569 2813 779 2854 magnam
803 2815 938 2856 regno
961 2803 1084 2845 illius
1108 2804 1466 2847 commoditatem
1489 2806 1779 2859 vectigalium
1802 2807 2099 2860 persolutione

234 2855 485 2908 prestabat,
532 2857 850 2912 translatisque
901 2857 1002 2900 inde
1043 2860 1397 2913 negotiatoribus
1439 2862 1584 2904 soluta
1633 2862 1768 2904 classe
1812 2862 1867 2904 ad
1908 2866 2096 2916 portum.

236 2911 312 2966 qui
342 2910 672 2965 Sliestorphk·3
702 2913 875 2964 dicitur,
908 2927 1004 2956 cum
1035 2916 1236 2958 universo
1267 2917 1461 2959 exercitu
1490 2918 1626 2960 venit.
1687 2918 1790 2961 Ubi
1820 2932 1897 2972 per
1928 2919 2099 2974 aliquot-

235 2984 272 3025 a)
307 2986 399 3025 Imp.
424 2988 535 3026 igitur
556 2989 597 3020 A.
686 2988 726 3028 b)
764 2990 985 3028 aliquamdiu
1008 2991 1050 3021 A.
1149 2990 1183 3030 c)
1221 2991 1314 3024 deest
1336 2993 1378 3024 A.
1475 2993 1510 3033 d)
1548 3003 1702 3033 namque
1724 2994 1754 3025 A
1770 2995 1800 3025 2.
1826 2995 1856 3025 3.
1954 2995 1987 3034 e)
2022 3003 2102 3033 per·

233 3031 413 3059 venerunt
426 3030 498 3064 Α2,
515 3031 545 3061 3.
598 3029 625 3065 f)
649 3040 735 3062 corr.
755 3031 1002 3064 decertassent
1016 3033 1089 3072 Α2;
1116 3033 1391 3065 decertaverunt
1406 3035 1448 3066 B.
1506 3035 1545 3074 g)
1566 3038 1653 3067 victi
1669 3037 1739 3067 A2.
1794 3036 1835 3076 h)
1859 3037 1994 3067 XIIcim
2017 3039 2048 3068 A
2067 3040 2094 3068 1.

232 3070 260 3110 i)
289 3071 408 3109 priore
429 3072 472 3102 A.
574 3071 614 3110 k)
647 3073 822 3111 palataria.
844 3075 875 3106 A
890 3075 921 3105 2.
1024 3075 1052 3115 l)
1083 3085 1218 3106 erasum
1242 3077 1273 3107 B
1289 3078 1321 3107 2.
1430 3076 1480 3113 m)
1514 3079 1592 3109 loca
1616 3087 1682 3110 sua
1703 3079 1734 3109 A
1750 3079 1781 3108 2.
1883 3077 1921 3117 n)
1955 3083 2031 3110 erat
2052 3080 2094 3110 A.

233 3110 271 3151 ο)
293 3113 499 3150 niumagam
522 3114 611 3145 adiit
633 3115 664 3146 A
681 3118 710 3146 1.
735 3117 772 3154 33
802 3117 975 3155 niumaga
998 3117 1086 3148 abiit
1111 3118 1142 3148 A
1157 3119 1188 3148 2.
1277 3118 1313 3158 p)
1343 3118 1437 3150 decet
1458 3120 1489 3150 A
1506 3122 1534 3150 1.
1625 3120 1660 3160 q)
1687 3120 1838 3160 gotdefr.
1860 3121 1891 3152 A
1907 3122 1926 3151 2
1949 3131 2095 3160 semper.

231 3152 264 3193 r)
301 3155 454 3186 abotrid.
479 3157 510 3187 A
527 3158 556 3187 1.
583 3158 616 3196 2;
662 3157 812 3188 abodrit.
837 3159 914 3190 A3.
1024 3160 1056 3199 s)
1093 3159 1207 3190 filium
1233 3169 1338 3191 suum
1361 3161 1537 3192 Karolum
1559 3162 1601 3193 A.
1711 3161 1739 3202 t)
1776 3163 1886 3202 aliqu.
1914 3171 1992 3201 exp.
2017 3164 2047 3194 A
2063 3165 2094 3194 2.

233 3195 274 3231 u)
297 3196 529 3229 drasaconem
552 3199 595 3230 A.
682 3201 722 3238 v)
747 3201 955 3239 godelibuui
977 3201 1008 3232 A
1023 3203 1054 3233 2.
1144 3203 1191 3239 w)
1216 3203 1274 3233 sui
1297 3203 1342 3234 fr.
1367 3204 1398 3234 A
1416 3206 1443 3236 1.
1466 3205 1499 3234 2.
1587 3204 1626 3241 x)
1650 3203 1742 3236 deest
1763 3205 1794 3236 A
1812 3207 1845 3243 13
1876 3205 1994 3236 albiae
2016 3206 2047 3236 A
2063 3207 2093 3235 2.

232 3235 273 3277 y)
293 3242 401 3276 ponto
423 3239 466 3270 B.
555 3242 590 3281 z)
615 3241 796 3274 hilinones
821 3243 853 3273 B
868 3244 899 3274 2.
988 3244 1024 3283 a)
1055 3253 1077 3274 a
1097 3253 1181 3282 rege
1204 3245 1355 3283 gotdefr.
1380 3246 1411 3277 A
1426 3247 1456 3276 2.
1546 3245 1585 3286 b)
1615 3247 1737 3285 posuit
1759 3247 1790 3277 A
1805 3248 1837 3278 2.
1926 3247 1959 3287 c)
1989 3256 2097 3286 popu-

230 3278 315 3309 latis
339 3281 420 3319 A23
451 3281 577 3321 depop.
600 3283 632 3312 B
648 3285 678 3314 1.
704 3285 734 3315 3.
837 3284 875 3324 d)
896 3285 1065 3317 incolomi
1087 3287 1118 3318 A
1134 3289 1164 3318 1.
1190 3287 1222 3317 B
1239 3289 1268 3318 1.
1370 3288 1404 3326 e)
1434 3288 1534 3319 uulzi
1555 3289 1586 3319 A
1602 3290 1639 3327 2;
1672 3289 1826 3319 uuiultzi
1850 3289 1882 3319 B
1900 3291 1934 3327 13
1967 3290 2095 3320 uuiltzi

233 3321 317 3368 3323
347 3323 471 3353 uuizzi
493 3325 526 3354 Β
541 3325 571 3355 3.
639 3323 670 3364 f)
693 3334 820 3365 corpus
844 3328 922 3358 B2.
993 3327 1029 3366 g)
1051 3328 1223 3360 abotridis
1246 3330 1277 3360 A
1294 3331 1324 3360 1.
1349 3331 1384 3369 23
1417 3330 1589 3361 abodritis
1612 3331 1643 3362 A
1658 3332 1689 3362 3.
1758 3331 1797 3367 li)
1818 3331 1992 3369 emptorio
2014 3331 2044 3361 A
2061 3331 2091 3360 2.

232 3361 260 3402 1)
281 3362 385 3394 litore
407 3364 449 3395 A.
537 3366 578 3406 k)
601 3366 803 3399 sliesuuieh
824 3370 855 3400 A
872 3372 908 3409 13
938 3370 1119 3402 liesuuich
1142 3372 1173 3402 A
1188 3373 1226 3410 23
1257 3371 1432 3403 sliesuuic
1455 3374 1485 3404 A
1502 3374 1541 3411 33
1571 3372 1746 3412 liestorph
1770 3374 1813 3404 B.

233 3422 630 3526 Bnfflossgffiafflm
660 3429 780 3474 Ann.
805 3434 948 3477 Laur.
1033 3434 1076 3487 2)
1106 3433 1400 3489 Reginoldum
1432 3436 1553 3479 Ama.
1576 3436 1720 3480 Lazcr.
1808 3435 1851 3487 3)
1883 3435 2094 3487 Sliestorp

1781 3573 1839 3617 5*

2130 338 2221 369 Aun.
2248 339 2358 371 Laur.
