2491 3724
138 543 184 572 H.
208 542 265 573 Fr.
285 543 338 574 35.

130 670 180 702 ib.
204 670 259 701 36.
283 671 335 701 37.

162 726 204 757 V.
226 725 336 757 Goar.

133 1010 182 1042 Η.
200 1009 262 1040 Fr.
281 1010 333 1039 35.

207 1123 255 1153 ib.
282 1123 335 1154 36.

206 1520 254 1551 ib.
281 1521 333 1551 37.

107 2147 148 2177 Y.
170 2146 333 2178 Columb.

365 114 420 156 26
746 111 1072 156 REGINONIS
1103 111 1465 156 CHRONICON.
1526 113 1578 158 A.
1603 116 1856 161 517—537.

364 239 579 289 mierat,
620 253 730 282 cum
768 254 874 283 rem
912 253 989 293 per
1026 239 1224 282 ordinem
1263 239 1545 291 retulisset,
1585 241 1762 286 effossus
1802 245 1869 286 est
1906 243 2025 286 locus
2066 246 2142 286 eta
2173 243 2239 286 in-

365 295 667 339 aestimabiles
698 296 896 339 thesauri
926 296 1093 349 reperti
1123 298 1239 338 sunt.
1291 296 1358 338 De
1389 310 1473 351 quo
1506 311 1609 340 auro
1640 298 1855 341 ciborium
1887 299 2077 343 solidum
2099 300 2239 343 mirae

363 352 687 407 magnitudinis
721 355 765 395 et
794 353 948 406 magni
977 351 1180 405 ponderis
1218 351 1326 395 fecit
1359 352 1441 394 etb
1471 367 1604 407 supra
1635 367 1787 408 corpus
1826 357 2004 400 sancti
2034 356 2239 400 Marcelli

366 409 563 452 martiris
594 410 642 452 in
673 410 856 452 civitate
879 407 1163 451 Caballonisc
1192 409 1317 462 poni
1347 408 1535 460 fecitb3
1566 423 1645 453 nec
1669 413 1737 454 est
1758 425 1944 467 usquam
1967 413 2110 455 ullum
2133 427 2239 467 opus

365 479 414 508 ex
447 480 549 509 auro
580 466 796 516 effectum,
830 464 944 520 quod
975 465 1015 507 ei
1046 465 1196 508 valeat
1226 466 1485 519 comparari.

478 536 616 579 Necd
653 538 774 590 post
813 535 1041 578 multum
1078 538 1288 590 tempus
1325 535 1465 579 idem
1502 550 1595 588 rex,
1636 539 1754 572 cum
1792 522 2076 576 thesauros
2115 541 2238 576 SUOS

364 593 602 643 ecclesiis
642 610 704 643 ac
741 592 1068 658 pauperibus
1109 599 1396 657 erogasset,
1435 607 1644 650 moritur
1683 610 1735 650 et
1764 608 1811 650 111
1843 607 2023 651 eadem
2053 609 2240 652 basilica

363 664 630 718 sepelitur.
691 663 895 718 Regnum
928 663 1040 706 eius
1071 661 1386 706 Childebertus
1419 667 1471 707 et
1500 663 1619 706 filii
1651 665 1764 707 eius
1796 665 2167 718 optinuerunt.

505 721 605 763 Per
635 719 775 763 idem
806 722 1017 774 tempus
1048 720 1200 763 venit
1229 723 1446 764 sanctus
1477 721 1712 775 presbiter
1742 720 1860 764 Goar
1898 735 1955 764 ex
1985 720 2240 776 Aquitania

363 777 500 819 etin
529 777 820 819 territorio
859 776 1144 819 Treverensi
1181 777 1234 819 in
1272 792 1409 833 pago
1439 778 1642 833 Trigorio
1681 792 1841 832 supra
1878 779 2036 832 ripam
2066 778 2239 821 Rhenie

363 836 414 876 et
460 834 665 882 rivulum,
713 834 788 888 qui
827 833 1044 876 Wochara
1085 833 1260 883 dicitur,
1304 836 1601 878 oratorium
1653 835 1706 877 in
1743 835 1968 878 honoref
2018 837 2240 877 sanctae

361 890 445 933 Dei
490 890 722 944 genitricis
769 892 1022 932 construens
1068 890 1357 941 orationibus,
1405 891 1719 935 elemosinis
1766 894 1818 934 et
1863 891 2241 945 predicatione

361 945 511 988 verbi
542 945 806 988 insistens
838 946 994 1000 plenus
1025 946 1329 990 virtutibus
1359 948 1407 990 in
1438 948 1589 991 eodem
1621 949 1714 991 loco
1746 946 1999 1004 quievitl.

504 1001 659 1045 Circa
703 1002 831 1044 haec
878 1003 1074 1044 etiamg
1117 1005 1360 1057 tempora
1412 1004 1668 1058 Helpricus
1720 1018 1795 1047 rex
1846 1005 2070 1048 insidiis
2116 1018 2240 1048 suae

362 1059 610 1114 coniugis
649 1058 987 1112 FredegundiS,
1034 1072 1145 1101 cum
1177 1059 1230 1102 de
1261 1061 1493 1103 venatione
1532 1060 1759 1111 rediret,
1804 1061 2151 1104 interficitur
2189 1064 2241 1104 et

361 1116 592 1158 Parisiusg
631 1115 678 1158 in
719 1115 906 1158 basilica
950 1117 1126 1158 sancti
1169 1116 1398 1159 Vincentii
1439 1117 1692 1171 sepelitur.
1764 1115 2029 1160 Clotharius
2072 1117 2240 1161 adhuc

361 1186 490 1226 puer
522 1187 547 1215 a
577 1175 749 1216 matre
788 1174 840 1215 et
877 1172 1106 1220 Landrico,
1147 1174 1236 1228 qui
1266 1176 1392 1216 tunc
1423 1174 1564 1216 maior
1595 1173 1762 1217 domus
1802 1176 1938 1225 erat,
1977 1175 2024 1217 in
2054 1188 2242 1229 regnum

362 1229 705 1272 sublimatur.
792 1228 989 1272 Audiens
1036 1228 1347 1273 Chjldebertus
1393 1231 1670 1274 avunculum
1709 1233 1966 1282 mortuum,
2019 1244 2241 1285 regnum

362 1286 523 1328 illius
555 1299 815 1340 occupare
853 1287 1061 1329 nititur
1099 1289 1151 1329 et
1189 1287 1334 1329 cumh
1365 1288 1604 1331 inmenso
1637 1288 1831 1331 exercitu
1860 1288 2159 1331 Francorum
2191 1290 2242 1330 et

362 1342 742 1397 Burgundionum
781 1343 933 1386 iuxta
964 1343 1244 1386 Suessionisi
1290 1345 1576 1387 civitatem
1616 1345 1790 1395 venit,
1831 1345 1925 1387 ubi
1964 1345 2043 1388 eis
2080 1343 2242 1388 Frede-

363 1400 523 1454 gundis
549 1414 645 1442 cum
672 1399 889 1443 Landrico
921 1400 1050 1443 duce
1083 1401 1344 1451 occurrit3
1378 1403 1430 1443 et
1459 1415 1639 1456 pugna
1663 1402 1946 1445 commissa
1970 1401 2241 1445 exercitus

360 1455 708 1500 Childeberti
741 1457 987 1513 graviter
1019 1471 1167 1500 cesus
1199 1457 1360 1512 fugit.

502 1514 632 1557 Post
669 1513 810 1556 idem
849 1512 1162 1557 Childebertus
1201 1516 1441 1565 moritu1·;
1483 1514 1681 1558 habebat
1719 1514 1934 1557 autemk
1971 1514 2077 1557 duos
2113 1515 2242 1564 filios

360 1584 519 1612 unum
561 1584 611 1613 ex
654 1570 907 1621 concubina,
951 1571 1126 1614 nomine
1170 1571 1538 1622 Theodobertum,
1592 1573 1681 1627 qui
1722 1572 1891 1614 maior
1932 1573 2062 1614 natu
2105 1574 2241 1621 erat,

362 1628 596 1670 alterum
623 1642 673 1670 ex
696 1628 866 1682 regina,
892 1629 1069 1670 nomine
1093 1628 1427 1672 Theodoricum.
1477 1628 1661 1681 [Huius
1694 1628 1841 1682 regis
1869 1628 2039 1670 maior
2063 1627 2242 1670 domus

360 1684 472 1726 fuit
514 1687 735 1727 sanctus
768 1684 1116 1738 Arnolfusl]2.
1189 1685 1517 1728 Theodobertus
1560 1698 1748 1740 regnum
1789 1685 1934 1738 patris
1976 1685 2242 1738 optinuit,

361 1740 653 1784 Theodoricus
683 1755 883 1795 regnum
916 1740 1209 1791 Guntramni‚
1256 1741 1309 1784 id
1342 1744 1467 1785 estm
1507 1740 1841 1796 Burgundiam,
1889 1755 1986 1784 cum
2027 1742 2127 1784 avia
2157 1755 2238 1784 sua

361 1797 661 1840 Brunichilde.
732 1798 861 1841 Post
898 1797 1060 1840 haecn
1091 1799 1293 1841 bellum
1333 1799 1479 1842 inter
1517 1797 1888 1842 Clotharium0
1920 1800 1965 1840 et
2006 1797 2242 1841 Theode-

361 1855 561 1897 ricumP
593 1855 771 1896 oritur
801 1868 931 1908 super
961 1855 1143 1897 fluvium
1168 1855 1347 1898 Aroana
1377 1858 1617 1911 tantaque
1647 1854 1772 1897 cedes
1796 1855 1849 1898 de
1873 1858 2058 1910 utroque
2082 1854 2243 1909 populo

361 1911 512 1954 facta
545 1914 645 1962 est,
692 1914 742 1954 ut
773 1912 867 1966 ipse
900 1912 1048 1955 alveus
1082 1912 1370 1956 cadaveribus
1408 1913 1639 1956 hominum
1668 1912 1898 1966 repletusq
1927 1912 2101 1966 magis
2133 1925 2242 1954 cru-

361 1982 500 2011 orem
533 1982 687 2024 quam
721 1982 910 2024 aquam
950 1968 1174 2012 fundere
1204 1969 1500 2013 videretur.
1574 1969 1636 2012 In
1666 1968 1939 2023 predicto,
1977 1971 2035 2011 ut
2066 1968 2241 2018 aiunt,

361 2026 602 2068 certamine
633 2025 750 2068 visus
783 2028 864 2069 est
894 2026 1079 2081 angelus
1103 2027 1284 2069 Domini
1316 2028 1617 2082 evaginatum
1641 2025 1857 2082 gladium
1880 2039 2011 2080 super
2032 2025 2243 2080 populum

358 2084 561 2125 tenens.

505 2137 631 2182 His3
660 2140 996 2193 temporibus
1028 2143 1247 2183 sanctus
1277 2142 1434 2195 pater
1464 2139 1761 2184 Columbanus
1786 2153 1837 2182 ex
1859 2139 2109 2182 Hiberniar
2132 2152 2243 2181 cum

362 2196 521 2239 beato
558 2196 697 2240 Gallo
741 2200 794 2240 et
836 2197 963 2239 aliis
1001 2196 1413 2251 probatissimis
1452 2196 1744 2252 discipulis
1783 2197 1838 2239 in
1873 2195 2243 2251 Burgundiam

360 2260 510 2302 venit
554 2259 741 2315 ibique
788 2254 1127 2318 permittente
1166 2253 1493 2306 Theoderico
1532 2262 1686 2320 regeS
1727 2260 2061 2310 monasterium,
2106 2258 2243 2315 quod

360 2323 604 2366 Luxovium
636 2323 861 2374 dicitur,
895 2324 1234 2368 aedificavit.
1298 2324 1469 2380 [Postt
1505 2327 1750 2368 sanctum
1774 2322 2158 2367 columbanum
2189 2323 2244 2366 in

360 2380 651 2423 Luxovium
705 2380 929 2424 Attalus
990 2381 1128 2424 abba
1181 2381 1460 2436 efficitur]
1557 2380 1758 2424 Exinde
1811 2394 1837 2423 a
1880 2379 2240 2423 Brunichilde

360 2443 612 2498 fugatus*
646 2443 1026 2488 Alamanniam
1058 2446 1336 2500 ingressus
1368 2449 1467 2496 est,
1507 2437 1601 2489 ubi
1639 2441 1881 2488 sanctum
1916 2435 2130 2487 Gallum
2168 2435 2240 2486 di-

360 2506 624 2571 scipulum
664 2524 817 2558 suum
851 2508 1112 2574 reliquit4.
1175 2517 1299 2570 Ipse
1338 2531 1461 2560 vero
1499 2517 1553 2559 in
1596 2516 1781 2558 Italiam
1820 2516 2097 2558 transiens
2138 2528 2242 2557 mo-

360 2579 679 2629 nasterium,
715 2579 850 2635 quod
874 2580 1092 2623 Boviumu
1125 2580 1350 2631 dicitur,
1383 2580 1729 2630 aedificavit,
1760 2579 1852 2622 ubi
1877 2582 1929 2622 et
1952 2578 2244 2622 multorum

360 2638 516 2689 pater
547 2636 743 2679 extitit
774 2637 1163 2680 monachorum.

456 2734 495 2787 *)
527 2734 684 2778 beatus
715 2734 1012 2779 Columbanus
1044 2737 1150 2782 add.
1174 2738 1229 2780 A.

1419 2686 1453 2704 ,εἴ

361 2818 396 2858 a)
426 2818 581 2850 effossus
605 2820 707 2851 locus
732 2824 765 2851 et
790 2831 879 2853 corr.
905 2820 1035 2852 effosso
1058 2822 1136 2852 loco
1159 2821 1189 2852 A
1206 2822 1238 2852 2.
1328 2819 1366 2860 b)
1397 2822 1433 2851 et
1455 2829 1566 2859 supra
1582 2837 1624 2842 —
1640 2821 1730 2852 fecit
1753 2820 1879 2851 desunt
1901 2820 1980 2851 B3.
2070 2822 2103 2859 c)
2133 2819 2245 2850 cabil-

359 2861 454 2891 lonis
478 2863 506 2892 A
524 2863 555 2894 2.
623 2862 660 2902 d)
682 2864 761 2894 Non
785 2864 815 2894 A
833 2866 864 2895 2.
890 2865 922 2894 Β
939 2866 970 2895 3.
1039 2864 1074 2903 e)
1098 2865 1177 2896 reni
1200 2864 1231 2894 Β
1247 2865 1280 2896 2.
1349 2864 1377 2900 f)
1401 2864 1624 2894 hon-amrium
1646 2864 1684 2894 in
1709 2872 1817 2894 onore
1845 2864 1877 2894 Β
1894 2863 1925 2893 2.
1989 2861 2026 2902 g)
2047 2862 2141 2893 deest
2162 2862 2192 2892 A
2209 2863 2240 2892 2.

360 2903 401 2943 h)
425 2905 503 2941 nit.,
527 2914 623 2936 nunc
646 2907 733 2937 inm.
760 2908 788 2936 A
806 2908 838 2937 2.
927 2906 955 2948 i)
980 2908 1156 2938 sessionis
1181 2907 1213 2937 Β
1231 2909 1264 2946 1;
1305 2906 1484 2938 suesionis
1507 2907 1539 2937 Β
1555 2908 1585 2938 3.
1676 2905 1716 2945 k)
1739 2907 1832 2937 deest
1855 2905 1886 2936 A
1903 2907 1935 2936 2.
2024 2904 2051 2944 1)
2076 2904 2244 2935 arnulfus

361 2948 390 2977 A
407 2949 436 2977 2.
461 2947 492 2977 B
508 2948 539 2978 3.
629 2947 679 2987 m)
705 2947 741 2979 id
765 2950 796 2979 B
813 2950 850 2988 23
882 2949 978 2981 idem
1003 2951 1034 2980 Β
1052 2951 1082 2981 3.
1174 2949 1213 2988 n)
1236 2950 1305 2980 hoc
1327 2949 1358 2980 Α
1375 2950 1406 2979 2.
1495 2950 1530 2987 o)
1555 2949 1747 2980 clotarium
1772 2950 1804 2980 Β
1823 2951 1856 2986 1;
1898 2947 2143 2979 chlotharium
2166 2948 2198 2978 Β
2214 2948 2244 2979 2.

361 2996 397 3029 p)
423 2990 623 3020 theoricum
646 2992 678 3021 B
698 2994 725 3022 1.
817 2991 853 3032 q)
875 2992 1006 3031 plenus
1028 2992 1059 3023 A
1078 2993 1106 3022 2.
1182 2993 1214 3033 r)
1236 2993 1378 3024 ibernia
1401 2993 1433 3023 B
1453 2995 1481 3023 1.
1507 2993 1537 3023 3.
1631 2990 1664 3031 s)
1688 2999 1773 3030 rege
1795 2990 1917 3022 theod.
1945 2991 1976 3021 B
1991 2992 2026 3022 2.
2106 2989 2133 3030 t)
2155 2990 2245 3021 Post

362 3049 402 3053 —
419 3031 575 3063 efficitur
598 3033 721 3064 desunt
745 3035 776 3064 Β
795 3035 829 3065 2.
917 3036 954 3075 11)
985 3035 1133 3067 bobium
1156 3035 1187 3066 A
1204 3038 1240 3073 2;
1279 3035 1387 3066 bovio
1411 3036 1442 3065 B
1460 3038 1490 3066 1.
1515 3036 1548 3066 3.

363 3103 405 3154 1)
450 3103 553 3147 Vita
577 3103 744 3147 Goaris
767 3110 947 3148 auctore
984 3107 1305 3150 Wandalberto
1327 3107 1375 3148 in
1401 3107 1498 3149 Act.
1517 3105 1598 3148 SS.
1614 3106 1706 3148 Iul.
1722 3106 1793 3155 II,
1809 3105 1907 3148 327.
1968 3103 2011 3156 2)
2035 3104 2116 3146 Ex
2135 3103 2244 3146 Vita

364 3159 545 3213 Arnulfi
582 3161 715 3207 (MG.
755 3160 836 3203 SS.
873 3175 956 3204 rer.
996 3163 1169 3205 Merov.
1208 3164 1281 3214 II,
1319 3163 1403 3205 426
1424 3162 1582 3213 —446)
1620 3161 1646 3214 ἓ
1677 3162 1724 3204 4:
1778 3163 1830 3203 ut
1868 3173 1940 3202 sex
1978 3159 2242 3213 provinciae,

365 3229 472 3270 quas
498 3218 543 3258 et
565 3218 670 3258 tunc
696 3220 740 3259 et
762 3230 876 3259 nunc
907 3217 1097 3260 totidem
1131 3221 1272 3273 agunt
1301 3217 1546 3267 domestici,
1578 3217 1657 3259 sub
1689 3217 1812 3259 illius
1839 3215 2243 3259 amministratione

363 3272 498 3315 solius
530 3276 792 3327 regerentur
823 3273 1030 3323 arbitrio;
1085 3272 1177 3328 §8z
1218 3275 1281 3316 sic
1312 3274 1518 3328 deinceps
1556 3273 1824 3327 episcopales
1857 3276 2035 3327 gestans
2065 3271 2242 3322 infulas,

363 3332 414 3371 ut
447 3329 583 3371 etiam
617 3329 932 3373 domesticatus
964 3331 1294 3374 solicitudinem
1325 3334 1459 3386 atque
1491 3331 1734 3384 primatum
1765 3329 1927 3384 palatii
1958 3342 2007 3372 ac
2030 3329 2067 3372 si
2091 3329 2243 3373 nolens

363 3389 548 3430 teneret.
667 3387 710 3439 3>
755 3388 861 3430 Vita
893 3387 1162 3431 Columbani
1193 3393 1373 3431 auctore
1405 3389 1522 3430 Iona
1556 3388 1683 3441 apud
1715 3387 1957 3440 Mabillon,
1996 3385 2138 3430 ‘Acta
2161 3386 2242 3429 SS.

365 3444 460 3486 ord.
493 3444 686 3486 Bened.’
722 3445 793 3496 II,
832 3446 858 3487 ἶ)
882 3458 972 3499 sqq.
1089 3445 1132 3496 4)
1179 3445 1246 3496 (J.
1283 3445 1434 3488 Vitam
1474 3444 1518 3487 S.
1551 3443 1678 3488 Galla·
1708 3443 1819 3488 MG.
1852 3443 1932 3487 SS.
1965 3444 2036 3497 H,
2076 3444 2243 3487 1-21,
