2491 3724
28 1420 47 1439 ‘⁸
64 1432 105 1462 p.
123 1420 186 1452 554
194 1431 229 1452 α.

628 146 955 191 REGINONIS
987 145 1347 191 CHRONICON.
1407 144 1459 189 A.
1485 147 1736 190 655—718.
2061 148 2116 191 37

252 274 410 318 Franci
440 287 568 327 super
605 287 675 316 eos
707 271 1004 317 CCCLXXVa
1032 274 1160 316 milia
1198 286 1255 316 ex
1295 273 1369 315 eis
1409 271 1791 315 interfecerunt.
1858 270 1980 313 Eudo
2013 286 2114 326 quo-

253 345 335 386 que
366 344 496 384 super
528 343 673 372 eorum
706 333 848 373 castra
878 331 1046 373 irruens
1083 329 1181 384 pari
1211 328 1338 371 modo
1367 329 1533 371 multos
1570 327 1837 370 interficiens
1869 328 2014 369 omnia
2045 327 2116 370 de-

251 387 457 430 vastavit.
517 386 642 428 Mille
668 387 907 441 quingenti
931 389 1109 429 tantum
1136 399 1186 428 ex
1209 385 1389 428 Francis
1414 383 1746 427 ceciderunt.
1778 385 1829 425 ut
1851 383 1904 425 in
1929 383 2114 436 epistola

252 444 314 486 ab
346 443 530 485 Eudone
561 443 695 485 missa
719 442 979 497 Gregorio
1009 455 1175 495 papae
1207 441 1297 483 deb
1330 440 1510 484 eadem
1534 440 1767 483 victoria
1792 440 2116 482 continetur.

393 499 456 541 Ea
486 501 752 553 tempestate
783 499 870 542 Leo
900 499 1141 551 imperator
1164 499 1411 540 sanctorum
1435 497 1652 551 imagines
1677 495 1896 550 depositas
1921 495 2117 538 incendit

253 556 534 611 Romanoque
573 556 768 609 pontifici
806 554 1065 608 Gregorio
1102 553 1301 596 similiac
1337 553 1494 603 facere,
1534 554 1572 595 si
1610 566 1753 595 suam
1792 552 1927 594 vellet
1956 551 2117 594 habere

252 613 458 665 gratiam,
492 611 734 654 mandavit.
794 610 879 653 Sed
911 609 1108 663 pontifex
1137 610 1218 652 hoc
1248 609 1392 651 facere
1424 609 1701 662 contempsit.
1765 607 1917 651 Omnis
1950 621 2118 663 quoque

251 669 486 711 Ravennae
517 669 729 711 exercitus
759 667 831 709 vel
861 665 1146 708 Venetiarum
1177 665 1344 708 talibus
1374 665 1537 707 iussisd
1565 679 1650 708 uno
1682 665 1827 708 animo
1858 666 2119 707 restiterunt

252 728 310 776 et,
354 726 440 767 nisi
482 738 551 767 eos
592 722 788 777 pontifex
825 722 1133 776 prohibuisset,
1172 722 1484 775 imperatorem
1523 734 1652 774 super
1683 735 1727 764 se
1766 722 2117 764 constituerent.

393 780 491 823 Per
520 780 656 822 idem
688 783 894 832 tempus
926 777 1226 820 Liutbrandus
1258 785 1361 820 rexe
1394 780 1538 820 castra
1568 776 1770 827 Emihae,
1796 778 2119 820 Feronianume

253 839 298 880 et
327 836 722 885 Montembellium‚
755 835 924 877 Buxeta
955 837 1000 877 et
1030 834 1267 884 Perticeta‚
1300 834 1569 876 Bononiamf
1603 836 1648 876 et
1678 833 1955 888 Pentapolim
1988 833 2119 876 Auxi-

252 913 456 955 mumque
481 899 658 948 invasit,
689 898 765 941 sed
788 901 889 952 post
912 897 1113 953 aliquos&
1137 897 1228 940 dies
1260 889 1499 941 Romano
1529 889 1778 957 pontifice
1811 889 2118 941 elaborante

252 964 461 1006 Romanis
492 961 693 1004 reddita
723 964 858 1004 sunt.

393 1018 480 1061 Leo
519 1018 745 1073 Augustus
784 1017 839 1060 ad
869 1018 1017 1071 peiora
1053 1031 1310 1072 progressus
1342 1019 1410 1060 est
1447 1017 1525 1067 ita,
1563 1020 1614 1060 ut
1653 1017 1934 1071 compelleret
1972 1030 2119 1060 omnes

251 1074 680 1129 Constantinopolim
715 1074 972 1117 habitantes
1003 1077 1099 1116 tam
1129 1075 1172 1116 vi
1204 1088 1335 1129 quam
1366 1073 1685 1116 blandimentis
1723 1076 1973 1116 sanctorum
2011 1074 2120 1116 ima-

256 1133 381 1187 gines
419 1131 665 1185 deponere,
713 1133 783 1181 et,
832 1144 1172 1186 quascunque
1220 1131 1466 1173 invenire
1503 1131 1704 1184 potuit,
1744 1131 1791 1172 in
1828 1129 1986 1172 medio
2017 1130 2120 1171 civi-

253 1188 396 1231 tatish
437 1187 638 1230 incendio
680 1188 1004 1231 concremavit.
1075 1187 1134 1230 Et
1175 1187 1278 1243 quia
1322 1187 1521 1242 plerique
1564 1200 1613 1229 ex
1653 1186 1812 1240 populo
1849 1187 1941 1229 tale
1982 1186 2120 1228 scelus

254 1245 352 1287 fieri
381 1244 767 1298 prohibebant,
800 1244 1020 1299 aliquanti
1051 1257 1101 1286 ex
1131 1243 1192 1286 eis
1223 1244 1369 1298 capite
1399 1243 1607 1293 truncati,
1640 1243 1745 1285 aliii
1775 1245 1901 1296 parte
1933 1242 2121 1296 corporis

257 1301 438 1343 multati
470 1303 586 1343 sunt.
654 1299 785 1343 Cuius
818 1301 954 1343 errori
985 1299 1230 1342 Germanus
1266 1299 1520 1353 patriarcha
1549 1313 1635 1342 non
1666 1299 1939 1341 consentiens
1971 1313 1995 1341 a
2026 1312 2122 1353 pro-

254 1358 353 1411 pria
383 1357 483 1399 sede
515 1357 719 1410 depulsus
751 1359 817 1399 est
849 1359 894 1398 et
925 1356 1016 1398 eius
1047 1356 1094 1398 in
1123 1356 1217 1399 loco
1247 1356 1509 1399 Anastasius
1540 1355 1759 1408 presbiter
1789 1355 2028 1397 ordinatus.

397 1412 523 1456 Circa
567 1414 674 1456 haec
713 1415 913 1466 tempora
943 1411 1122 1455 Carolus
1163 1413 1366 1466 princeps
1407 1412 1646 1465 Pippinum
1687 1412 1829 1454 filium
1873 1412 2027 1453 *suum
2068 1410 2123 1453 ad

253 1469 579 1512 Liutbrandum
621 1483 798 1523 regem
841 1468 1013 1518 direxit,
1055 1471 1107 1511 ut
1147 1470 1238 1511 eius
1277 1469 1401 1512 iuxta
1438 1481 1602 1511 morem
1642 1468 1852 1522 capillum
1883 1467 2120 1510 incideret:

254 1526 329 1581 qui
367 1526 458 1568 eius
498 1526 706 1568 cesariem
743 1525 938 1568 incidens
978 1525 1018 1568 ei
1048 1528 1176 1579 pater
1207 1525 1386 1568 effectus
1424 1527 1492 1567 est
1522 1525 1763 1580 multisque
1799 1538 1897 1567 eum
1929 1524 2122 1567 ditatum

253 1582 388 1636 regiis
419 1583 672 1625 muneribus
703 1582 895 1636 genitori
925 1582 1110 1624 remisit.

396 1644 576 1689 Carolus
613 1643 795 1689 Octavo
836 1637 1043 1689 decimo
1081 1654 1218 1689 anno
1264 1635 1410 1703 regni
1451 1637 1534 1687 sui
1573 1657 1669 1687 cum
1714 1644 1906 1687 exercitu
1946 1644 1992 1686 in
2032 1643 2123 1686 Wi-

257 1716 433 1759 stracha
468 1716 591 1759 venit
630 1726 852 1775 eamque
891 1725 1020 1759 suae
1059 1707 1250 1759 ditioni
1289 1706 1530 1759 subiecit.

397 1779 546 1829 Anno
577 1796 698 1831 vero
731 1779 861 1830 XX‘E
888 1780 1037 1846 regni
1069 1780 1151 1830 sui
1182 1786 1379 1829 iterum
1418 1798 1530 1828 cum
1568 1784 1753 1829 valida
1791 1798 1945 1828 manu
1978 1784 2123 1827 Was-

259 1856 464 1898 coniam
495 1856 773 1912 ingressus
805 1859 888 1900 est
918 1856 970 1901 et
993 1849 1268 1901 Eudonem
1291 1864 1452 1915 regno
1480 1848 1638 1899 Simul
1670 1854 1722 1900 et
1745 1849 1853 1899 Vita
1877 1847 2120 1914 privavit.

398 1918 649 1986 Sequenti
687 1937 825 1971 anno
864 1929 1018 1970 contra
1054 1927 1168 1970 filios
1207 1925 1444 1970 eiusdem
1482 1926 1674 1970 Eudonis
1707 1925 1948 1969 dimicavit.

397 1990 546 2040 Anno
598 1991 849 2042 vicesimo
903 1990 1134 2041 secundo
1186 1991 1335 2057 regni
1387 1990 1469 2041 sui
1522 1997 1857 2040 Sarracenorum
1910 1996 2122 2040 exercitus

255 2073 426 2102 rursum
468 2061 514 2103 in
552 2060 748 2105 Galliam
788 2062 999 2104 introiens
1041 2062 1229 2104 multam
1273 2060 1623 2104 devastationem
1663 2060 1794 2110 fecit3
1837 2063 1987 2103 contra
2019 2074 2123 2115 quos

256 2115 435 2159 Carolus
484 2132 569 2161 non
619 2119 749 2173 longe
791 2132 816 2161 a
857 2118 1066 2161 Narbona
1107 2118 1274 2161 bellum
1317 2118 1598 2161 committens
1649 2130 1718 2160 eos
1760 2118 1876 2160 sicut
1918 2120 1963 2159 et
2002 2117 2123 2170 prius

258 2173 447 2217 maxima
478 2174 607 2217 caede
637 2175 890 2229 prostravit.

400 2231 549 2282 Anno
588 2231 820 2283 XXIIII.
859 2230 1011 2296 regni
1050 2230 1132 2281 Sui
1171 2237 1333 2281 iterato
1370 2236 1600 2281 Sarraceni
1643 2236 1873 2281 Gallorum
1911 2236 2018 2278 fines
2061 2235 2124 2278 in-

256 2301 396 2354 gressi
436 2315 572 2357 usque
615 2302 671 2345 ad
707 2302 985 2346 Provintiam
1026 2304 1240 2344 venerunt
1281 2304 1326 2344 et
1367 2304 1498 2355 capta
1538 2301 1723 2344 Arelato
1764 2300 1910 2344 omnia
1942 2299 2121 2341 circum-

257 2370 430 2412 quaque
475 2359 678 2402 demoliti
722 2361 838 2402 sunt.
913 2358 1033 2401 Tunc
1071 2357 1252 2401 Carolus
1291 2357 1348 2401 ad
1385 2358 1710 2401 Liutbrandum
1748 2370 1896 2411 regem
1941 2356 2124 2398 mittens

258 2414 470 2456 auxilium
502 2418 654 2458 contra
678 2415 937 2458 Sarracenos
969 2415 1178 2469 exposcit
1187 2431 1197 2465 ;
1230 2416 1305 2470 qui
1328 2415 1442 2458 nihil
1466 2417 1661 2458 moratus
1687 2427 1783 2456 cum
1813 2413 1930 2456 omni
1954 2413 2125 2467 Lango-

257 2469 493 2513 bardorum
532 2472 724 2514 exercitu
761 2473 808 2515 in
845 2472 936 2514 eius
976 2471 1244 2514 adiutorium
1283 2472 1548 2525 properavit.
1627 2470 1719 2523 Quo
1759 2471 1979 2524 comperto
2018 2482 2124 2524 gens

258 2524 594 2570 Sarracenorum
623 2542 722 2572 mox
753 2529 808 2572 ab
839 2528 931 2571 illis
962 2528 1217 2582 regionibus
1249 2527 1437 2582 aufugit.

398 2585 547 2634 Anno
585 2582 777 2637 XXVI.
816 2584 969 2647 regni
1014 2585 1097 2634 sui
1142 2589 1322 2634 Carolus
1361 2589 1822 2635 bellicosissimus
1862 2591 1913 2631 et
1951 2588 2122 2631 victo-

257 2651 574 2696 riossimusk
603 2654 853 2708 princeps
885 2654 1153 2697 Francorum
1183 2655 1409 2698 moritur.

399 2709 557 2759 Fiunt
605 2710 792 2775 igitur,
853 2710 910 2759 ni
957 2709 1141 2773 fallor,
1202 2711 1329 2760 anni
1377 2709 1446 2760 ab
1495 2708 1860 2760 incarnatione
1910 2705 2122 2758 Domini

258 2780 552 2845 computati
598 2796 630 2830 a
676 2778 1082 2846 quadragesimo
1128 2779 1358 2831 secundo
1405 2796 1542 2830 anno
1588 2778 1799 2845 imperii
1845 2776 2122 2827 Octaviani

259 2867 426 2916 usque
474 2850 543 2901 ad
592 2849 838 2901 ultimum
887 2849 1078 2900 Leonis
1117 2849 1347 2916 Augusti
1396 2866 1609 2911 annum,
1660 2848 1749 2914 qui
1794 2846 2122 2912 temporibus

258 2920 434 2972 Caroli
465 2921 720 2988 principis
751 2937 999 2987 regnasse
1031 2920 1381 2986 cognoscitur,
1415 2918 1750 2981 DCCXVIII,
1784 2934 1992 2969 menses
2025 2916 2121 2979 ΙΙΙ,

256 2991 371 3042 dies
410 2991 510 3042 ΙΙ.1

398 3062 780 3113 Discernamus
811 3060 988 3123 etiam,
1028 3060 1072 3110 si
1102 3059 1292 3126 placet,
1333 3058 1544 3110 eosdem
1583 3073 1752 3109 annos
1784 3057 1998 3109 Domini
2030 3073 2122 3122 per

256 3137 497 3199 tempora
533 3131 843 3200 pontificum
883 3131 1239 3182 Romanorum
1286 3136 1339 3182 et
1375 3129 1672 3192 videamUS‚
1723 3127 1983 3193 quomodo
2021 3126 2122 3178 sibi

258 3242 296 3283 a)
331 3242 596 3275 CCCLXXXV
619 3244 652 3275 Β
669 3246 699 3275 1.
725 3244 757 3275 3.
860 3243 897 3283 b)
927 3243 1016 3274 deest
1039 3242 1069 3273 A
1085 3243 1115 3273 2.
1220 3241 1253 3280 c)
1283 3241 1378 3273 idem
1403 3242 1479 3273 ΑΞ.
1582 3241 1618 3280 d)
1648 3242 1737 3272 visis
1763 3241 1792 3272 A
1809 3242 1840 3272 2.
1944 3240 1978 3274 e)
2011 3248 2123 3271 rex—

258 3286 490 3316 feronianum
513 3287 637 3316 desunt
660 3286 691 3316 A
706 3287 725 3317 2
750 3288 877 3317 lacuna
899 3287 1029 3317 relicta.
1112 3283 1141 3324 f)
1163 3285 1449 3323 pertibononiam
1473 3284 1503 3315 A
1519 3285 1555 3320 2;
1579 3285 1820 3315 bononianum
1844 3283 1874 3313 B
1891 3285 1921 3313 ⁵3.
2003 3285 2039 3321 g)
2063 3281 2124 3311 ali·

259 3331 347 3365 quot
370 3328 400 3358 A
416 3330 448 3359 2.
535 3328 575 3368 h)
595 3329 635 3359 in
657 3328 775 3359 media
799 3329 946 3360 civitate
970 3328 1012 3358 B.
1100 3326 1127 3366 i)
1149 3327 1239 3358 deest
1264 3327 1295 3357 B
1311 3328 1343 3358 3.
1432 3327 1470 3366 k)
1493 3327 1752 3358 victorissimus
1776 3326 1808 3356 B
1824 3327 1854 3356 2.

258 3397 474 3497 ρἈῦᾼηνιί,
505 3412 690 3498 τηεηεεὸε,
722 3400 829 3452 dies,
860 3412 969 3454 quos
993 3398 1167 3452 Reymo
1199 3398 1387 3450 exhibet,
1417 3401 1532 3441 recte
1564 3398 1860 3441 consummati
1879 3401 1983 3439 sunt
2013 3395 2126 3438 anni

373 3461 413 3498 et
440 3468 611 3499 menses
671 3487 680 3497 .

2140 391 2182 423 G.
2201 401 2234 431 p.
2256 394 2296 423 R.

2143 503 2372 543 P.D.v1‚4e.

2146 1417 2193 1448 ib.
2217 1416 2278 1453 VI,
2300 1416 2356 1447 53.

2148 1654 2378 1687 Ann.S.Am.

2219 1699 2292 1729 733.

2147 1797 2195 1827 ib.
2221 1796 2296 1827 735.

2144 1931 2192 1961 ib.
2220 1932 2293 1963 ῖ36.

2147 2002 2198 2033 ib.
2222 2002 2296 2033 737.

2150 2065 2187 2096 P.
2199 2065 2377 2105 D.V1,.=A..

2151 2248 2291 2282 A.S.A.
2303 2249 2376 2280 739.

2147 2313 2186 2344 P.
2198 2313 2243 2344 D.
2258 2313 2379 2352 ΠΜ.

2146 2604 2239 2634 Anu.
2253 2602 2376 2634 S.Am.

2218 2647 2290 2676 741.
