2491 3724
4 2236 22 2252 ’⁸‘
41 2246 79 2275 p.
96 2236 171 2268 571.

572 196 900 240 REGINONIS
931 195 1289 240 CHRONICON.
1350 196 1402 239 A.
1427 198 1678 241 861—862.
2004 201 2057 244 79

197 321 553 373 Brittanniam
612 322 847 374 intravit.
935 321 1119 386 Pugna
1179 321 1583 388 committitur¹‚
1651 320 1906 383 SaxoneS,
1968 326 2059 388 qui

198 391 443 443 conducti
474 391 731 452 fueranta,
771 391 840 442 ad
872 391 1210 456 excipiendos
1241 391 1496 442 velocium
1528 391 1816 457 equorumb
1852 391 2058 443 anfrac-

196 468 404 513 tuosos⁰
434 479 681 512 recursus
713 463 766 512 in
798 461 970 527 prima
999 461 1175 512 fronte
1205 466 1491 526 ponuntur,
1532 460 1622 512 sed
1652 460 1822 527 primo
1862 462 2058 527 impetu

197 531 415 597 spiculis
460 532 761 582 Brittonum
806 531 980 582 territi
1025 531 1080 581 in
1125 531 1238 581 acie
1288 547 1342 581 se
1390 530 1699 581 recondunt.
1789 530 2059 582 Brittones

195 618 341 653 more
387 601 540 652 solito
586 601 686 652 huc
726 600 988 667 illucqued
1037 617 1155 650 cum
1197 600 1346 665 equis
1385 600 1454 650 ad
1499 600 1894 651 huiuscemodie
1940 618 2059 652 con—

195 670 394 722 flictum
420 672 751 723 exercitatisf
778 671 1168 721 discursantesg
1199 669 1355 720 modo
1381 669 1708 721 confertamh
1733 670 2061 722 Francorum

196 742 362 793 aciem
399 742 662 806 impetunt
699 757 761 791 ac
799 741 923 792 totis
961 739 1162 790 viribus
1207 740 1261 790 in
1300 739 1494 791 medioi
1542 740 1744 806 spicula
1791 745 2057 807 torquent,

194 829 333 863 nunc
363 810 543 876 fugam
573 810 917 862 simulantesk
953 810 1346 877 insequentium
1376 809 1719 861 nihilominus
1758 811 2060 876 pectoribus

195 881 397 948 spicula
426 880 609 947 figunt.
656 881 861 941 Franci,
897 880 987 946 qui
1020 880 1340 931 comminusl
1371 881 1572 931 strictis
1603 879 1794 947 gladiis
1824 898 2059 948 pugnare

195 955 594 1011 consueverant,
641 951 853 1001 attoniti
891 949 1127 1013 stabant,
1174 950 1410 1001 novitate
1448 956 1616 1002 antem
1654 952 1916 1018 inexperti
1954 952 2060 1002 dis-

195 1021 429 1072 criminis
467 1019 720 1085 perculsi,
771 1037 866 1071 nec
911 1019 980 1070 ad
1026 1020 1412 1087 insequendum
1457 1020 1633 1072 idonei
1672 1038 1767 1072 nec
1805 1022 1860 1072 in
1899 1039 2060 1073 unum

195 1090 496 1157 conglobati
535 1091 651 1142 tuti.
727 1089 844 1142 Nox
888 1092 1262 1157 superveniens
1307 1090 1535 1142 bellum11
1572 1091 1830 1145 diremit0.
1907 1092 2061 1143 Multi

194 1178 258 1212 ex
303 1162 519 1212 Francis
565 1160 852 1223 interfecti,
899 1161 1274 1228 quamplurimi
1319 1161 1603 1225 vulnerati,
1650 1162 2060 1213 innumerabiles

195 1232 316 1298 equi
363 1232 651 1298 perierunt.
737 1230 988 1296 Sequenti
1026 1231 1110 1282 die
1156 1248 1340 1282 rursus
1380 1249 1556 1297 pugna
1609 1232 1913 1296 inchoatur,
1969 1233 2062 1284 sed

193 1302 457 1368 graviorip
507 1301 801 1352 infortunio
853 1299 1053 1354 finitur.
1144 1300 1295 1364 Quod
1352 1318 1568 1352 cernens
1622 1302 1843 1353 Carolus
1895 1303 2059 1353 nimio

193 1379 398 1422 terrore
436 1371 725 1422 dissolutus
765 1376 957 1421 noctuq
994 1371 1160 1422 inscio
1200 1372 1437 1422 exercitu
1477 1371 1612 1423 clam
1652 1371 1875 1437 aufugit,
1916 1372 2062 1424 dere—

192 1441 349 1492 lictor
392 1441 684 1508 papilione,
736 1441 981 1491 tentoriis
1027 1447 1079 1492 et
1125 1441 1298 1491 omniS
1343 1442 1491 1507 regio
1540 1447 1820 1507 apparatu,
1906 1443 2061 1493 Mane

192 1511 356 1572 factO,
404 1529 522 1562 cum
561 1510 822 1562 exercitus
861 1510 987 1576 fuga
1024 1511 1232 1577 lapsum
1269 1528 1448 1577 regem
1488 1513 1850 1578 comperisset,
1898 1513 2063 1564 nimia

192 1580 477 1632 formidine
514 1581 775 1646 repleturt
818 1580 1089 1648 nihilqueu
1127 1581 1273 1632 aliud
1304 1582 1441 1632 nisiv
1480 1582 1543 1633 de
1580 1582 1707 1648 fuga
1753 1582 2060 1635 meditatur.

192 1652 460 1702 Brittones
485 1669 604 1702 cum
637 1650 865 1702 clamore
895 1651 1106 1703 irruunt
1137 1656 1229 1702 etW
1259 1656 1438 1703 castra
1463 1652 1789 1703 Francorum
1818 1653 2062 1704 omnibus

193 1721 390 1772 divitiis
426 1721 654 1773 refertaX
690 1721 946 1773 invadunt
983 1739 1294 1788 omnemque
1331 1722 1456 1773 belli
1487 1723 1695 1788 copiam
1733 1728 2062 1788 capessuntr,

192 1792 451 1858 fugientia
501 1793 824 1843 Francorum
878 1792 1092 1857 agmina
1144 1792 1504 1855 insecunturz,
1558 1793 1740 1845 obvios
1794 1803 2063 1860 quosquea

195 1869 288 1913 aut
332 1861 473 1913 ferro
521 1861 715 1913 cedunt
759 1866 853 1912 aut
890 1863 1034 1914 vivos
1079 1863 1316 1929 capiunt,
1368 1863 1600 1929 reliquos
1645 1863 1771 1930 fuga
1816 1865 2058 1915 servavit.

197 1932 365 1983 Ditati
401 1933 580 1998 itaque
612 1931 881 1983 Brittones
921 1932 1108 1998 opibus
1142 1933 1463 1984 Francorum
1503 1934 1772 2000 armisque
1811 1934 2061 1986 instructi

193 2003 248 2052 in
288 2019 384 2052 sua
422 2019 476 2053 se
512 2002 841 2068 recolligunt.
1060 2068 1173 2128 861

334 2155 485 2206 Anno
531 2155 828 2207 dominicae
873 2156 1258 2207 incarnationis
1304 2156 1626 2210 DCCCLXI.
1676 2157 1899 2209 Carolus
1944 2157 2058 2224 pla·
2092 2163 2222 2216 (853).

199 2225 359 2276 citum
389 2225 576 2276 habuit
604 2227 658 2276 in
695 2225 1053 2291 Compendio2
1080 2226 1282 2293 ibi*que
1320 2243 1439 2277 cum
1479 2228 1798 2292 optimatum
1838 2228 2058 2280 consilio

195 2294 494 2347 Rodbertob
540 2296 721 2347 comiti
766 2295 1017 2348 ducatum
1062 2297 1201 2347 inter
1245 2297 1478 2363 Ligerim
1524 2302 1576 2349 et
1621 2297 1922 2364 Sequanam
1969 2298 2061 2349 ad-

195 2383 404 2417 versum
433 2365 697 2417 Brittones
736 2366 1170 2430 commendavit3,
1212 2384 1368 2434 quem
1401 2385 1517 2418 cum
1556 2368 1757 2435 ingenti
1794 2368 2062 2420 industria

196 2452 291 2500 per
328 2435 547 2501 aliquod
584 2441 791 2503 tempus
828 2437 966 2488 rexit
980 2436 1019 2487 4.

1056 2503 1196 2563 862.

338 2587 488 2639 Anno
527 2588 820 2640 dominicae
865 2590 1249 2642 incarnationis
1291 2590 1633 2642 DCCCLXII.
1711 2590 2062 2643 Nomeneiusc
2093 2598 2225 2650 (851).

198 2674 291 2707 rex
329 2657 627 2708 Brittonum
664 2659 914 2723 moritur,
960 2661 1137 2712 divino
1174 2666 1306 2712 nutu
1349 2678 1631 2727 percussus
1646 2661 1682 2713 5.
1757 2661 1895 2712 Nam
1942 2679 2059 2713 cum

200 2768 236 2806 a)
267 2771 368 2799 erant
390 2769 421 2799 A
437 2770 467 2800 3.
569 2769 606 2809 b)
637 2778 809 2816 equorum
832 2771 863 2802 A
880 2773 910 2803 1.
935 2772 967 2802 Β
985 2775 1015 2802 1.
1039 2773 1070 2803 2.
1187 2771 1220 2812 c)
1251 2772 1354 2803 amfr.
1380 2772 1410 2803 A
1428 2776 1467 2813 13
1497 2773 1652 2803 anfrant.
1677 2773 1709 2803 Β
1728 2775 1762 2809 13
1793 2772 1943 2804 anfract.
1971 2783 2058 2804 corr.

200 2811 355 2842 anfrant.
381 2812 412 2841 Β
428 2813 465 2846 2;
495 2812 674 2843 anfi-anet.
699 2822 788 2844 corr.
811 2813 962 2844 anfract.
988 2815 1019 2844 Β
1034 2815 1067 2845 3.
1154 2814 1192 2853 d)
1214 2815 1302 2845 illuc
1325 2816 1357 2845 Β
1373 2816 1405 2845 2.
1493 2814 1528 2854 e)
1551 2815 1758 2846 huiusmodi
1782 2816 1810 2845 A
1827 2816 1858 2846 3.
1946 2815 1975 2852 f)
1997 2824 2061 2846 ex-

200 2853 316 2883 erutis
339 2854 370 2884 B
386 2854 417 2885 2.
506 2855 544 2896 g)
567 2855 772 2885 discursans
797 2856 828 2885 Β
846 2858 874 2886 1.
962 2855 1002 2895 h)
1027 2860 1228 2887 consertam
1253 2857 1283 2887 A
1299 2859 1328 2888 2.
1356 2858 1399 2889 B.
1482 2856 1508 2895 i)
1531 2857 1689 2888 medium
1712 2858 1752 2887 A.
1843 2856 1882 2895 k)
1905 2857 1996 2888 deest
2016 2858 2058 2888 A.

199 2894 227 2934 l)
259 2895 419 2926 cominus
443 2895 474 2926 A
491 2897 521 2927 3.
624 2896 675 2936 m)
705 2896 796 2928 deest
818 2898 849 2928 A
864 2898 895 2929 3.
997 2896 1036 2937 n)
1066 2899 1219 2937 prelium
1244 2899 1287 2929 B.
1383 2897 1416 2937 o)
1448 2899 1585 2930 dirimit
1607 2899 1638 2929 A
1654 2900 1684 2929 2.
1780 2898 1816 2937 p)
1846 2900 1955 2937 priori
1979 2900 2010 2930 Β
2026 2901 2058 2931 3.

199 2941 235 2975 q)
258 2940 361 2968 nocte
385 2937 415 2968 A
432 2940 461 2968 1.
486 2939 516 2969 3.
584 2937 616 2977 r)
638 2939 762 2970 relicto
788 2938 818 2969 A
833 2940 863 2969 3.
935 2937 967 2979 s)
991 2948 1130 2971 omnem
1154 2942 1293 2979 regium
1317 2939 1526 2979 apparatum
1549 2941 1593 2971 B.
1669 2940 1696 2979 t)
1719 2942 1879 2978 repletus
1903 2945 1956 2971 est
1980 2942 2009 2972 A
2026 2943 2057 2972 2.

199 2978 239 3017 u)
262 2980 314 3010 nil
337 2979 367 3010 A
383 2980 419 3018 33
450 2980 634 3020 nichilque
657 2982 689 3012 Β
706 2983 736 3012 1.
760 2982 791 3011 2.
874 2980 912 3021 v)
935 2990 1042 3019 quam
1064 2983 1094 3013 A
1110 2984 1141 3014 3.
1224 2982 1269 3021 w)
1293 2983 1386 3013 deest
1409 2983 1439 3013 A
1454 2984 1486 3015 3.
1511 2983 1553 3013 B.
1637 2983 1674 3022 x)
1696 2983 1832 3013 referta
1854 2983 1993 3013 divitiis
2017 2984 2061 3014 A.

199 3021 238 3061 y)
271 3025 463 3060 capescunt
485 3023 517 3053 Β
534 3025 563 3053 1.
667 3023 701 3058 z)
733 3024 972 3061 insequuntur
994 3024 1036 3054 A.
1136 3022 1171 3065 a)
1205 3024 1298 3055 deest
1321 3024 1352 3054 A
1367 3025 1397 3055 3.
1500 3025 1537 3063 b)
1571 3025 1729 3056 rotberto
1752 3024 1783 3054 A
1799 3026 1829 3055 2.
1856 3026 1888 3056 B
1903 3025 1939 3064 23
1970 3030 2063 3056 ruot-

199 3064 298 3095 berto
321 3064 354 3094 Β
370 3066 399 3095 1.
425 3065 456 3095 3.
547 3064 580 3105 c)
602 3066 816 3096 nometieius
841 3065 871 3095 A
889 3067 923 3103 13
953 3066 1175 3097 Numeneius
1199 3067 1241 3097 Β.

201 3148 243 3196 1)
274 3149 332 3190 In
362 3153 522 3201 quarto
549 3147 700 3192 Caroli
728 3154 882 3193 contra
903 3151 1120 3194 Bretones
1143 3151 1420 3205 expeditione
1449 3151 1531 3194 851
1556 3150 1674 3205 Any.
1692 3152 1759 3194 22.
1792 3152 1907 3195 inter
1929 3152 2062 3195 urbes

201 3204 426 3257 Mayenne
456 3210 497 3247 et
529 3206 735 3258 Vilain63
778 3207 1011 3249 Dummler
1034 3208 1076 3259 I,
1107 3209 1204 3250 351.
1327 3207 1369 3254 2)
1404 3205 1678 3260 Compieyne.
1794 3208 1838 3259 3)
1870 3209 1929 3250 In
1960 3221 2060 3251 con-

198 3264 334 3301 ventu
363 3260 626 3304 Silviaeensi
653 3261 877 3315 (Servaz's)
908 3277 949 3306 a.
972 3264 1055 3306 853
1085 3264 1204 3313 (LL.
1228 3265 1271 3315 I,
1301 3262 1406 3312 426)
1443 3262 1666 3306 Robevrtus
1698 3276 1853 3317 comes,
1882 3265 2061 3307 natione

202 3313 326 3356 Saoeo
358 3328 455 3358 cum
478 3317 667 3360 Dodone
697 3319 903 3372 episeopo
927 3320 1246 3373 Andeyavensi
1273 3323 1314 3362 et
1337 3319 1519 3362 Osberto
1545 3321 1698 3362 comite
1721 3321 1888 3363 missus
1908 3321 2061 3373 reye‘us

171 3391 175 3395 -
201 3368 249 3410 in
264 3367 579 3415 Cinnomannio
594 3373 809 3427 (Maine),
837 3373 1149 3428 Andegavensi
1165 3374 1357 3428 (Anjou)
1393 3377 1525 3430 atque
1542 3375 1756 3418 Turonico
1779 3377 2061 3424 (Touraz‘ne),

201 3422 436 3469 Corboniso
463 3429 509 3469 et
531 3428 686 3483 Sagiso
716 3430 791 3479 (=
814 3430 1113 3481 Normcmdie)
1142 3432 1400 3474 nominatus
1423 3436 1519 3483 est;
1553 3431 1609 3484 ef.
1632 3433 1868 3475 Dizmmler
1891 3432 1932 3482 I,
1964 3432 2058 3473 450.

202 3480 246 3531 4)
286 3481 428 3535 Usque
451 3484 514 3525 ad
531 3494 577 3526 a.
601 3486 704 3538 8663
733 3498 773 3528 v.
796 3484 924 3535 infra
946 3501 987 3530 α.
1005 3488 1100 3530 867.
1181 3486 1224 3538 5)
1257 3489 1312 3530 A.
1331 3488 1412 3530 851
1438 3488 1580 3530 Mart.
1597 3488 1644 3536 5;
1675 3500 1715 3530 v.
1739 3500 1881 3540 supra
1906 3501 1947 3529 α.
1962 3487 2059 3529 860.
