2491 3724
767 152 1094 197 REGINONIS
1125 151 1483 196 CHRONICON.
1948 156 2061 199 XIII

337 282 388 331 Β
411 284 442 333 2
457 301 504 332 a.
546 282 701 332 codex
724 281 1027 331 Britannici
1042 281 1214 331 Musei
1229 280 1620 330 Arnnclelianus
1643 299 1690 332 n.
1706 280 1810 331 390
1833 299 1957 330 saec.
1983 283 2061 346 X.,

195 367 283 434 qui
313 375 467 434 pater
503 375 573 417 est
609 375 792 433 septem
831 366 1059 415 codicum
1099 365 1146 414 Β
1173 365 1402 429 2b—>h‚·

336 451 388 500 B
413 451 503 505 26.
545 452 703 502 codeoe
748 451 1063 502 Trevirensis
1107 468 1156 498 n.
1195 450 1353 512 1286,
1392 450 1482 512 43,
1534 468 1583 498 a.
1622 449 1770 502 1084.
1816 449 2062 499 Prumiae

195 545 441 586 escaratus
481 536 650 604 (apud
688 535 944 586 Pertzium
983 553 1030 583 n.
1059 532 1143 600 3)
1183 534 1398 584 continet
1425 542 1539 601 post
1569 534 1882 602 Reyinonem
1913 535 2067 584 etiam

198 621 464 671 Einhardi
497 620 668 670 Vitam
699 619 878 670 Caroli
915 626 959 667 et
984 617 1213 667 Annales
1250 625 1295 667 et
1329 615 1562 683 Theyani
1590 617 1747 667 Gesta
1773 617 2065 681 Luciam-ici,-

337 705 388 754 Β
413 707 495 756 2ο.
540 705 696 755 coclea?
736 702 1012 752 Parisinus
1056 720 1103 751 n.
1138 701 1277 753 5922
1316 719 1444 752 saec.
1479 701 1602 751 XII.
1652 721 1714 752 esc
1758 703 2064 753 monasterio

195 787 249 843 S.
275 789 485 839 Mariae
531 786 902 855 Otterberyensi
939 793 1107 849 ortus7·

334 873 386 922 Β
410 873 504 923 2εΖ.
549 873 703 923 codex
726 870 1031 921 Britannici
1067 869 1238 920 Musei
1267 870 1598 921 Cottonianus
1631 869 1866 922 Tiberius
1904 891 1940 922 c.
1969 871 2064 935 XI,

195 958 316 1007 olim
355 957 758 1026 Eqmundanus:
819 956 1036 1006 continet
1076 962 1285 1022 praeter
1331 954 1443 1004 alia
1488 956 1544 1005 in
1571 954 1675 1022 fol.
1709 957 1810 1006 1—
1835 956 1898 1007 19
1936 956 2063 1006 Ein-

192 1041 350 1091 hardi
393 1042 559 1092 Vitam
603 1040 783 1092 Caroli
818 1058 945 1090 saec.
974 1039 1055 1103 X.⁷
1094 1040 1150 1089 in
1175 1039 1279 1106 fol.
1305 1040 1570 1092 43—118
1603 1041 1887 1109 Reqinonis
1926 1042 2063 1091 chro-

191 1126 342 1176 nicon
379 1144 506 1176 saec.
537 1125 660 1175 XII.
702 1132 906 1176 exeunte
945 1132 1233 1188 eocaratmn,
1273 1125 1329 1174 in
1356 1124 1458 1191 fol.
1492 1125 1787 1178 125—141
1837 1125 2067 1176 Annales

193 1210 487 1273 Xantenses,
525 1211 582 1260 in
610 1209 711 1277 fol.
742 1208 1032 1260 141—169
1072 1208 1469 1277 Eymunclanos;

335 1296 385 1345 Β
402 1298 485 1348 26.
511 1295 667 1346 codex
696 1294 1138 1362 Cantab7²i9iensis
1163 1294 1367 1362 colleyii
1390 1295 1620 1362 corporis
1650 1293 1843 1346 Christi
1865 1315 1913 1346 n.
1939 1297 2064 1347 139:

194 1380 409 1431 continet
461 1380 641 1429 varias
692 1397 772 1429 res
823 1397 883 1429 esc
943 1379 1030 1429 hoc
1084 1379 1317 1429 chronico
1369 1388 1634 1446 eoecerptas
1684 1398 1838 1448 usque
1890 1381 1960 1431 acl
2013 1401 2059 1431 a.

197 1465 331 1517 1002
357 1489 424 1507 =
449 1464 550 1516 901
563 1483 583 1528 ;

335 1549 387 1598 Β
411 1552 441 1600 2
452 1548 506 1617 f
548 1549 703 1600 cocleoc
748 1548 1203 1599 Hildesheimensis
1243 1547 1296 1598 S.
1343 1546 1647 1598 Godehardi
1690 1568 1822 1599 nunc
1867 1549 2068 1600 abscon—

193 1632 358 1697 ditus,
407 1652 546 1701 quem
592 1633 658 1685 H.
697 1633 918 1685 Meibom
967 1633 1136 1684 senior
1185 1650 1295 1683 cum
1346 1633 1564 1683 editione
1603 1633 1907 1684 Pistoriana
1958 1652 2067 1683 con-

192 1717 337 1782 tutat,-
375 1717 518 1767 cuius
554 1716 766 1768 schedae
804 1725 1070 1767 servantur
1108 1718 1164 1767 in
1203 1717 1502 1768 bibliotheca
1539 1720 1688 1787 reyia
1726 1718 2067 1769 Hannoverae

194 1801 290 1866 XI,
330 1803 462 1866 692,-

335 1886 386 1934 Β
410 1887 501 1954 29,
543 1886 699 1937 codex
728 1886 1043 1937 Coloniensis
1075 1904 1137 1936 ea‘
1167 1886 1474 1936 monasterio
1499 1884 1551 1937 S.
1578 1887 1809 1937 Martini
1832 1888 2064 1951 maioris,

195 1971 343 2020 cuius
381 1978 623 2037 quattuor
661 1979 856 2021 tantum
885 1971 1033 2037 folia
1072 1979 1289 2034 eoestant,
1338 1989 1465 2038 quae
1504 1970 1565 2021 ab
1606 1990 1652 2021 a.
1692 1972 1840 2024 1885.
1888 1973 1944 2022 in
1983 1991 2066 2022 ar-

197 2054 339 2105 chivo
370 2053 581 2123 publico
619 2055 765 2106 illius
801 2056 945 2106 urbis
983 2064 1262 2106 servantur.

334 2139 386 2188 Β
409 2140 501 2190 2Ῐι.
552 2140 707 2191 coclea]
761 2139 1021 2192 Gissensis
1073 2159 1120 2190 n.
1158 2141 1261 2193 650
1313 2141 1607 2191 chartaceus
1655 2159 1783 2192 saec,
1821 2140 1911 2190 XI
1919 2142 1967 2192 V.
2021 2151 2064 2192 et

193 2224 244 2273 X
257 2222 329 2288 V.,
371 2223 494 2274 olim
532 2224 751 2292 capituli
789 2223 1080 2293 Spirensis:
1120 2225 1344 2276 continet
1379 2226 1435 2275 in
1461 2224 1564 2293 fol.
1593 2226 1824 2278 88--97
1860 2235 2063 2294 partem

194 2309 421 2359 chronici
458 2328 505 2360 a.
532 2310 828 2363 751—813
867 2329 976 2361 cum
1015 2311 1276 2379 epitaphio
1314 2310 1555 2361 Heinrici
1592 2310 1791 2361 comitis
1829 2310 1916 2378 (eoo
1953 2312 2059 2362 cod.

196 2393 245 2442 B
271 2395 300 2444 2
317 2394 376 2462 a)
386 2413 406 2459 ;
1963 2409 1969 2415 ’

335 2478 386 2527 Β
410 2479 489 2529 2ί.
532 2481 688 2531 codeoe
731 2480 1111 2532 Carlsruhanus
1158 2499 1205 2530 n.
1249 2479 1565 2532 CCXXXII.
1618 2480 1740 2530 olim
1788 2480 2063 2549 Auyiensis

195 2579 322 2612 saec.
351 2561 444 2613 XI.
487 2564 657 2630 (apud
693 2564 952 2615 Pertzimn
989 2585 1037 2618 n.
1068 2565 1151 2631 2)
1200 2564 1463 2615 derivatus
1511 2572 1581 2615 est
1630 2564 1747 2615 item
1796 2583 1858 2615 esc
1896 2565 2062 2614 codice

197 2645 248 2694 B
272 2647 321 2710 2,
358 2665 514 2713 neque
550 2666 666 2698 vero
714 2667 738 2698 e
776 2649 943 2700 codice
982 2649 1032 2698 Β
1056 2651 1135 2700 2α
1172 2667 1328 2717 neque
1366 2668 1428 2699 eat
1464 2650 1578 2717 ipso
1617 2649 1666 2697 Β
1691 2649 1721 2698 2
1760 2649 2060 2716 descriptus,

195 2730 282 2780 sed
313 2749 375 2780 esc
406 2731 513 2782 alio
544 2732 719 2799 aliquo
751 2734 1049 2800 exemplari,
1092 2733 1224 2801 quod
1254 2741 1430 2801 postea
1458 2733 1632 2800 periit.
1694 2732 1781 2782 Eoe
1812 2732 2065 2801 Auqiensi

194 2815 294 2865 duo
325 2816 569 2883 pendent:

335 2900 386 2949 Β
409 2901 500 2951 216.
543 2901 699 2951 codeae
728 2901 1057 2970 Anqustanus
1086 2921 1135 2953 n.
1165 2903 1266 2953 223
1299 2921 1361 2953 eoe
1391 2903 1699 2953 monasterio
1731 2900 1784 2952 S.
1822 2902 2061 2952 Udalrici

194 2985 489 3036 chartaceus
525 3004 653 3037 saec,
680 2983 797 3036 XV.
839 2986 1087 3036 escen-ntis:
1141 2988 1356 3038 continet
1393 2987 1449 3037 in
1473 2986 1577 3054 fol.
1622 2988 1830 3038 1—97‘
1871 2986 2058 3036 Frede-

192 3069 416 3136 9arium,
453 3070 510 3119 in
536 3069 639 3138 fol.
664 3070 812 3122 98—
831 3070 931 3121 180
961 3071 1274 3138 Reyinonem
1308 3089 1332 3121 e
1364 3071 1531 3121 codice
1554 3070 1605 3119 Β
1630 3071 1696 3121 22·
1730 3070 2057 3138 descriptum,

195 3151 282 3202 sed
317 3170 380 3203 eae
416 3153 525 3203 alio
561 3153 736 3220 aliquo
773 3154 955 3205 classis
992 3154 1042 3204 A
1079 3155 1396 3205 emendatum
1433 3164 1478 3205 et
1515 3155 1880 3223 completum¹;

334 3236 386 3285 Β
410 3235 487 3287 2Ζ.
540 3237 696 3288 coclea:
732 3237 1038 3288 Britannici
1074 3239 1245 3290 Musei
1292 3239 1615 3290 Harleianus
1651 3258 1699 3289 n.
1739 3239 1878 3291 3676
1927 3257 2054 3290 saec.

198 3319 343 3371 XVI.
377 3340 438 3371 eoe
468 3321 765 3373 bibliotheca
789 3322 1221 3391 Peutinyeriana:
1257 3323 1463 3391 praebet
1493 3331 1681 3374 temtum
1712 3323 1902 3373 codicis
1925 3322 1975 3370 B
1993 3324 2022 3371 2
2041 3323 2058 3370 i

197 3458 238 3513 1)
270 3458 393 3515 Gonf.
425 3462 478 3504 de
507 3475 555 3505 eo
584 3463 643 3506 B.
667 3463 865 3517 Krusch,
898 3462 1065 3507 ‘Neues
1088 3464 1277 3508 Archiv'
1314 3464 1426 3517 VII,
1458 3462 1717 3508 278—282.
