2491 3724
860 604 1495 681 PRAEFATIO.

386 877 706 971 Reqinonem
738 917 803 952 ex
825 899 1170 952 nobilissimis
1202 897 1517 965 parentibus
1545 895 1608 947 de
1635 894 1759 946 Alta
1788 894 1922 960 ripa,
1955 893 2011 944 id
2036 896 2116 944 est

245 986 518 1052 Altrepiol
551 987 873 1054 proqenitum
903 1003 1004 1036 esse
1028 983 1260 1034 Annales
1284 983 1495 1050 quidam
1521 981 1843 1031 Prumienses
1874 998 1910 1030 s.
1939 978 1991 1028 X
2002 976 2118 1029 VI.2

245 1071 490 1139 referunt,
524 1088 734 1138 quorum
768 1078 944 1120 auctor
975 1088 1036 1121 esc
1066 1069 1444 1136 antiquissimis
1468 1066 1778 1118 documentis
1809 1083 1856 1116 se
1889 1064 2117 1114 hausisse

245 1157 388 1210 dicit.
463 1155 692 1223 Altrepii
735 1155 864 1205 cella
910 1152 964 1203 S.
1000 1153 1252 1204 Medarcli
1282 1152 1422 1220 fuit,
1474 1169 1603 1219 quae
1652 1169 1685 1200 a
1733 1149 1957 1217 Pippino
2004 1167 2118 1216 reqe

245 1241 491 1291 Prumiae
522 1239 828 1290 monasterio
859 1237 1060 1288 tradita
1092 1246 1136 1289 et
1172 1238 1280 1287 iam
1316 1256 1364 1290 a.
1391 1238 1508 1289 762.
1544 1235 1677 1303 Auq.
1707 1235 1786 1288 13.
1818 1233 2118 1300 confirmata

245 1324 374 1377 est3:
433 1324 655 1376 eiusdem
693 1323 995 1375 monasterii
1032 1323 1233 1391 Reqioio
1270 1322 1544 1373 monachus
1577 1319 1759 1388 factus
1797 1327 1881 1372 est.

387 1409 540 1460 Anno
579 1409 697 1472 892,
739 1426 850 1458 cum
887 1407 1106 1458 Prumia
1147 1427 1181 1458 a
1219 1407 1565 1469 Normannis,
1604 1405 1691 1473 qui
1731 1403 1792 1455 ab
1831 1403 2120 1454 incursione

245 1495 316 1546 acl
355 1495 590 1545 Rhenum
628 1511 784 1562 usque
822 1491 1062 1542 Bonnam
1090 1491 1248 1560 facta
1288 1492 1359 1542 ad
1395 1491 1598 1542 Mosam
1646 1496 1969 1551 recesserunt,
2014 1506 2120 1538 sae·

244 1580 449 1631 vissime
498 1586 703 1630 vastata
748 1585 894 1640 esset,
939 1576 1256 1628 Farabertus
1293 1576 1470 1640 abbas,
1516 1575 1604 1643 qui
1641 1575 1730 1625 vim
1756 1573 1898 1641 fuya
1936 1592 1985 1623 se
2023 1591 2122 1623 ser-

243 1673 472 1727 vaverat,
525 1682 622 1714 sua
673 1671 845 1731 sponte
905 1677 1089 1712 curam
1141 1660 1582 1727 pastoralem...
1636 1657 1882 1724 deposuit
1900 1656 1945 1718 4,
1993 1675 2120 1725 quae

246 1767 409 1799 mense
440 1748 625 1799 Maio5
654 1747 916 1816 Reqinoni
947 1746 1181 1797 electione
1206 1743 1448 1811 fratrum
1487 1743 1662 1794 abbati
1692 1743 1957 1793 constituto
1995 1759 2121 1791 com-

244 1833 403 1883 missa
440 1840 524 1883 est.
602 1830 704 1882 Sed
747 1832 855 1882 iam
901 1850 948 1884 a.
975 1831 1093 1882 899.
1149 1829 1373 1881 aemulis
1420 1827 1701 1895 agentibus
1747 1826 2005 1895 depositus
2051 1833 2122 1875 est

244 1926 289 1968 et
336 1915 647 1967 Richarium
695 1914 916 1967 fratrem
954 1913 1220 1966 Gerhardi
1271 1919 1322 1966 et
1359 1912 1639 1964 Mahtfridi
1678 1910 1998 1963 invidiosum
2039 1910 2120 1960 sui

245 2000 443 2069 negotii
482 2016 842 2051 successorem
881 2001 1148 2051 sustinuit.

393 2085 602 2136 Relatio
648 2085 899 2152 quaedam
945 2085 1223 2149 verbosior,
1273 2102 1423 2152 quam
1469 2084 1529 2133 de
1575 2082 1654 2132 liis
1698 2081 1843 2132 rebus
1882 2081 1988 2149 ipse
2026 2081 2124 2131 Re-

243 2171 365 2239 qino
415 2170 716 2238 composuit,
764 2188 827 2221 eae
876 2188 1022 2238 opere
1071 2170 1180 2220 eius
1229 2169 1338 2219 iam
1388 2167 1450 2218 ab
1502 2166 1804 2234 aequalibus
1853 2164 2018 2216 deleta
2070 2165 2123 2214 in

246 2255 476 2308 omnibus
521 2254 903 2322 eaeemplaribus
947 2255 1094 2306 deest.
1182 2253 1323 2304 Unde
1370 2261 1591 2321 apparet
1634 2270 1736 2302 non
1782 2269 1965 2301 vanum
2005 2267 2123 2312 esse,

248 2341 382 2409 quod
414 2348 589 2390 auctor
619 2339 788 2390 eodem
821 2339 925 2390 loco
955 2339 1100 2402 dicit,
1139 2340 1313 2390 timere
1345 2356 1411 2402 se,
1442 2356 1519 2402 ne,
1553 2337 1600 2388 si
1636 2336 1916 2387 veritatem
1945 2350 2124 2385 rerum

249 2428 520 2491 gestarum
559 2423 627 2474 ad
663 2422 924 2490 liquidum
963 2423 1086 2475 stilo
1127 2426 1407 2475 exsecutus
1446 2422 1528 2487 sit,
1570 2420 1749 2472 odium
1785 2424 1837 2471 et
1869 2418 2124 2471 offensam

251 2506 599 2575 quorundam,
640 2507 730 2573 qui
770 2507 947 2559 adhuc
978 2508 1294 2574 superstites
1334 2508 1452 2571 sint,
1490 2507 1743 2558 incurrat.
1825 2504 1928 2562 Qui
1958 2511 2123 2554 autem

241 2593 451 2662 fuerint
485 2592 571 2642 illi
608 2591 815 2654 aemuli,
858 2592 1161 2644 coniecturis
1200 2600 1397 2642 tantum
1435 2591 1614 2660 colliqi
1647 2598 1820 2658 potest.
1902 2587 2126 2638 Gerhar-

250 2679 371 2728 dum
409 2686 453 2729 et
493 2676 844 2744 Maletfridum
881 2677 1022 2744 ipsos
1059 2695 1159 2728 non
1195 2695 1275 2727 eos
1302 2675 1489 2743 fuisse,
1529 2692 1649 2742 quos
1688 2681 1865 2723 auctor
1903 2672 2124 2722 maxime

251 2764 469 2827 timeret,
519 2781 580 2813 ex
629 2780 683 2812 eo
730 2761 1065 2829 perspicitur,
1115 2760 1249 2828 quod
1287 2778 1367 2810 eos
1406 2778 1454 2809 a.
1494 2758 1612 2808 906.
1655 2776 1686 2807 a
1727 2776 1840 2826 re9e
1885 2755 2125 2807 Conrado

251 2847 642 2915 proscriptione
691 2845 972 2897 damnatos
1023 2864 1124 2896 esse
1172 2846 1281 2912 ipse
1332 2842 1507 2910 refert.
1593 2841 1966 2892 Adversarium
2020 2841 2127 2891 eius

256 3005 297 3057 1)
328 3004 471 3058 Altrip
511 3004 606 3048 vico
652 3003 714 3047 ad
751 3002 958 3045 Rhenum
1000 3002 1129 3054 infra
1174 3000 1356 3054 sz'ram
1401 3000 1486 3042 sito
1497 3014 1510 3051 ,·
1554 2999 1606 3041 de
1648 2998 1741 3041 vita
1783 2997 2028 3051 Regyinonz's
2068 2996 2125 3048 cf.

215 3087 234 3098 ²
254 3075 466 3118 Ermisch
496 3071 572 3117 (Β.
597 3072 792 3117 Chronik
823 3074 864 3116 cl.
890 3073 1063 3127 Reyino
1095 3072 1163 3114 bis
1186 3070 1301 3123 813²,
1335 3069 1451 3112 Gott.
1478 3069 1600 3112 1872.
1704 3067 1749 3118 2)
1782 3068 1854 3110 De
1883 3067 2044 3121 quibus
2068 3066 2125 3118 cf.

264 3144 569 3198 Wyttenbach,
601 3142 801 3187 ‘Archiv'
835 3144 935 3195 III,
967 3143 1047 3186 291
1081 3155 1170 3197 sqq.
1286 3141 1330 3191 3)
1350 3141 1520 3194 Beyer,
1553 3137 1934 3183 ‘Urkundenbuch
1966 3137 2008 3179 cl.
2039 3136 2125 3178 Re-

255 3215 557 3268 9ierunysbee.
590 3213 779 3257 Coblene
809 3227 854 3255 u.
889 3213 1030 3255 Trier⁷
1064 3213 1104 3264 I,
1136 3225 1180 3256 n.
1204 3212 1259 3254 60
1289 3208 1847 3260 (Bohmer-Muhlbacher
1877 3205 2124 3261 ‘Reyesten'

258 3284 289 3325 I
311 3297 358 3336 p.
381 3284 436 3326 42
459 3289 499 3327 et
521 3285 608 3336 43).
723 3282 768 3336 4)
801 3284 958 3338 Reyin.
984 3282 1143 3326 Chron.
1168 3296 1210 3325 a.
1233 3282 1316 3324 892
1339 3286 1379 3324 et
1402 3279 1499 3323 899.
1616 3278 1659 3329 5)
1693 3278 1810 3320 Ann.
1836 3277 2126 3320 Prumienses
2156 3315 2159 3317 .

259 3352 359 3402 (SS.
386 3354 491 3406 XV,
523 3355 766 3406 1289—92)
797 3369 838 3397 a.
869 3355 976 3398 892:
1010 3386 1018 3395 .
1044 3387 1052 3396 .
1078 3385 1087 3395 .
1119 3352 1218 3394 Kal.
1242 3350 1339 3393 Iun.
1371 3361 1553 3392 mamere
1584 3348 1770 3391 absciso.
