2491 3724
91 308 187 338 Ann.
209 307 316 338 Laur.

347 174 403 217 48
728 171 1056 216 REGINONIS
1087 170 1449 215 CHRONICON.
1511 171 1564 215 A.
1590 174 1843 217 769—773.

490 298 638 342 Anno
683 299 984 342 dominicae
1036 298 1439 341 incarnationis
1491 297 1840 343 DCCLXVIIII.
1897 299 2110 344 Carolusa
2154 315 2227 344 rex

347 354 653 412 Aquitaniam
679 369 788 398 cum
814 356 1058 398 exercitu
1080 355 1337 403 intravit,
1364 355 1444 398 eob
1469 355 1583 410 quod
1606 356 1837 399 Hunaldus
1863 357 2229 412 disposuisset

346 413 575 464 rebellare,
616 416 667 456 et
704 414 844 455 totam
884 411 1177 468 Aquitaniam
1216 414 1262 454 et
1292 411 1574 454 Wasconiam
1615 412 1859 457 auxiliante
1899 414 2006 458 Deo
2044 414 2099 464 in
2138 413 2227 464 de-

346 469 633 520 dinonem⁰
670 473 872 533 recepit
909 484 963 525 et
993 481 1225 525 Hunaldid
1255 482 1411 537 iniqua
1449 482 1635 525 consilia
1673 482 1940 537 dissipavit.
2008 484 2117 528 Inde
2149 485 2226 528 di-

346 554 375 595 g
384 555 405 583 r
416 554 437 583 e
447 555 466 583 s
477 555 495 582 s
505 554 532 582 u
542 555 560 582 s
579 539 635 582 ad
643 539 951 582 Ecolensinam
963 547 1001 569 e.
1018 538 1032 568 l
1051 539 1281 581 civitatem
1297 553 1325 581 v
1334 552 1355 581 e
1366 539 1419 581 ni
1431 541 1452 581 t
1469 541 1514 582 et
1531 538 1633 581 inde
1645 540 1836 593 sumpsit
1847 540 1995 593 plures
2005 542 2195 585 Francos
2214 542 2230 571 f

347 611 443 639 cum
477 597 637 639 armis
669 598 720 639 et
751 595 967 639 omnibus
997 596 1279 639 utensilibus
1303 609 1454 638 eorum
1479 598 1524 638 et
1552 595 1725 639 abiitg
1748 610 1878 650 super
1900 597 2064 640 flumen
2087 598 2229 642 Dorh-

345 653 555 697 doniamh
581 656 626 696 et
649 652 899 696 aedificavit
922 653 986 695 ibi
1011 655 1215 704 castrum,
1235 652 1351 708 quod
1375 652 1559 695 dicituri
1582 653 1891 703 Frontiacusk,
1918 654 1998 703 etl
2021 654 2075 704 jn
2109 671 2226 719 pre-

345 710 488 760 dicto
528 709 762 774 presidio
804 709 1038 760 Francos
1077 709 1371 760 collocavit.
1448 723 1633 766 Deinde
1678 723 1878 767 missosm
1923 723 2127 768 dil-exst
2171 725 2228 768 ad

344 782 567 835 Lupumn
600 780 869 831 Wasconem,
909 780 1191 831 mandans,
1229 783 1287 824 ut
1318 780 1426 823 sibi
1457 780 1765 823 Hunaldum
1803 794 1915 823 cum
1953 795 2111 825 uxore
2148 795 2231 825 re-

344 840 716 892 presentaret,
757 838 846 892 qui
887 837 949 880 ad
987 851 1099 880 eum
1139 837 1539 892 confugerant&
1613 836 1842 880 Adductus
1875 840 1943 880 est
1979 837 2226 892 predictus

343 893 575 936 Hunaldus
594 907 692 936 cum
707 907 838 936 uxore
860 894 922 936 ad
940 895 1272 937 nominatum
1295 897 1553 943 castrum3
1577 908 1726 949 quem
1749 907 1861 937 cum
1881 895 2226 949 recepissem),

343 952 388 994 in
430 951 663 993 Franciam
705 963 901 993 reversus
940 953 1019 993 est.
1088 951 1146 993 Et
1188 951 1431 994 celebravit
1469 952 1666 994 natalem
1707 951 1890 994 Domini
1927 952 1974 994 in
2004 952 2144 995 Duria
2182 956 2227 995 et

344 1007 508 1062 pascha
539 1008 585 1049 in
616 1006 793 1049 Leodio
824 1007 919 1050 vico
948 1007 1139 1060 publico.

485 1064 634 1107 Anno
680 1063 981 1106 dominicae
1027 1064 1429 1106 incarnationis
1472 1062 1755 1106 DCCLXX.‹1
1807 1062 2021 1107 Carolusr
2067 1064 2229 1107 habuit

342 1120 544 1164 sinodum
575 1121 622 1163 in
653 1121 902 1163 Wormatia
932 1120 1134 1171 civitate3
1178 1123 1254 1163 ets
1284 1121 1422 1163 Berta
1452 1121 1608 1175 regina
1638 1120 1831 1174 perrexit
1861 1121 1915 1162 in
1946 1121 2225 1164 Baioariamt

343 1181 395 1220 et
432 1177 555 1220 inde
594 1177 819 1220 Italiam
858 1178 1108 1232 ingressa
1147 1180 1238 1220 est.
1306 1178 1366 1220 Et
1402 1190 1476 1220 rex
1518 1176 1761 1220 celebravit
1805 1178 2003 1220 natalem
2044 1178 2226 1221 Domini

341 1236 387 1277 in
418 1235 679 1289 Mogontiau
711 1236 756 1277 et
785 1234 950 1288 pascha
981 1234 1027 1277 in
1057 1234 1331 1277 Heristellio.

484 1291 631 1334 Anno
664 1291 962 1335 dominicae
993 1291 1394 1334 incarnationis
1425 1289 1695 1334 DCCLXXI.
1730 1288 1944 1333 Carolusv
1968 1300 2081 1333 rexW
2111 1291 2225 1334 sino-

343 1347 480 1391 dumx
510 1349 670 1391 habuit
701 1347 757 1390 ad
779 1348 1123 1398 Valentianas5;
1158 1351 1203 1391 et
1225 1347 1377 1392 eodem
1409 1362 1522 1391 anno
1546 1347 1863 1391 Carlomannus
1895 1361 1969 1389 rex
1993 1347 2224 1392 defunctus

343 1408 410 1448 est
447 1405 493 1447 in
531 1406 642 1448 villa
679 1404 979 1448 Salmontia-co
1018 1405 1078 1448 ΙΙ.
1103 1405 1215 1448 Non.
1249 1405 1478 1448 Decembr.
1555 1405 1694 1449 Venit
1732 1406 1909 1448 autem
1948 1402 2129 1448 Carolus
2169 1405 2223 1448 ad

341 1462 497 1505 villam
529 1461 893 1510 Corbaniacumz,
926 1461 1018 1505 ubi
1048 1464 1300 1505 venerunt
1331 1461 1393 1504 ad
1425 1475 1539 1505 eum
1572 1462 1799 1505 Folcarius
1831 1463 1876 1504 et
1907 1461 2121 1504 Folradus
2153 1476 2225 1505 ca-

340 1519 515 1572 pellani
555 1533 653 1561 cum
695 1519 796 1561 aliis
829 1519 1044 1573 episcopis
1076 1522 1122 1562 et
1151 1518 1465 1568 sacerdotibus,
1498 1519 1702 1561 Werinus
1736 1522 1782 1562 et
1811 1516 2126 1561 Adalhardusa
2155 1533 2224 1562 co-

342 1576 473 1619 mites
517 1590 614 1618 cum
658 1576 759 1619 aliis
797 1576 1087 1630 primatibus,
1131 1578 1206 1631 qui
1246 1575 1426 1619 fuerunt
1455 1574 1760 1626 Carlomanni3
1807 1588 1913 1617 uxor
1942 1589 2043 1618 vero
2075 1574 2223 1619 Carlo-

341 1634 492 1675 manni
536 1647 632 1675 cum
676 1633 959 1687 perpaucisb
1003 1633 1184 1676 Francis
1226 1633 1431 1687 partibus
1472 1633 1636 1675 Italiae
1677 1631 1906 1687 perrexit.
1979 1633 2044 1675 Et
2087 1633 2229 1676 cele·

341 1689 526 1732 bravit
557 1703 645 1732 rex
675 1690 874 1733 natalem
905 1690 1085 1733 Domini
1115 1690 1162 1733 in
1193 1689 1475 1732 Adtiniac00
1506 1693 1551 1732 et
1583 1690 1746 1743 pascha
1777 1690 1824 1732 in
1855 1688 2130 1733 Heristellio.

484 1746 634 1790 Anno
666 1746 969 1790 dominicae
1000 1747 1401 1789 incarnationis
1433 1745 1730 1790 DCCLXXII.
1778 1745 1991 1789 Carolusd
2015 1760 2089 1788 rex
2112 1746 2229 1789 sino-

341 1801 474 1845 dume
506 1802 725 1846 habuitf
766 1804 818 1846 in
850 1803 1156 1853 Wormatiag;
1200 1806 1246 1846 et
1282 1803 1384 1847 inde
1422 1805 1616 1857 perrexit
1652 1802 1890 1857 partibush
1923 1803 2137 1846 Saxoniae
2168 1806 2222 1846 et

339 1860 511 1913 primo
553 1861 760 1914 impetu
790 1860 1107 1915 Heresburghi
1154 1863 1350 1903 castrum
1402 1861 1521 1914 cepit
1563 1862 1615 1903 et
1657 1860 1713 1903 ad
1754 1859 2046 1903 Hermensulk
2089 1873 2227 1915 usque

336 1917 539 1970 pervenit
579 1921 625 1960 et
665 1917 811 1971 ipsum
855 1917 1032 1960 fanuml
1081 1917 1300 1960 destruxit
1337 1919 1383 1960 et
1423 1931 1577 1960 aurum
1617 1920 1669 1961 et
1711 1920 1968 1972 argentum,
2008 1916 2124 1972 quod
2160 1916 2227 1959 ibi

337 1975 593 2028 repperitm‚
627 1973 829 2017 abstulit.
876 1975 1008 2018 Erat
1041 1977 1218 2018 autem
1248 1977 1375 2017 tunc
1406 1974 1583 2017 siccitas
1615 1987 1796 2029 magna,
1827 1975 1895 2018 ita
1924 1976 1976 2016 ut
2008 1988 2123 2030 aqua
2154 1973 2227 2016 de-

337 2031 489 2074 ficeret
526 2032 573 2073 in
611 2045 744 2086 supra
783 2031 901 2075 dicto
940 2032 1055 2081 loco;
1103 2034 1148 2075 et
1187 2031 1291 2074 dum
1329 2031 1504 2074 vellet
1541 2031 1607 2074 ibi
1645 2045 1734 2074 rex
1765 2031 1870 2075 duos
1904 2033 1981 2074 aut
2011 2033 2101 2074 tres
2133 2030 2226 2073 dies

338 2101 571 2137 manere,
614 2091 666 2131 ut
694 2088 1001 2143 predictum
1040 2088 1193 2131 fanum
1231 2088 1480 2131 funditus
1513 2088 1746 2132 destruere
1775 2091 1980 2143 posset,
2024 2091 2070 2130 et
2101 2101 2225 2142 aqua

340 2145 606 2188 exercitui
645 2145 877 2196 deesset,
920 2145 1070 2189 subito
1108 2145 1260 2188 divina
1296 2146 1520 2199 largiente
1560 2146 1710 2200 gratia
1747 2145 1994 2188 omnibus
2032 2144 2224 2187 insciis

339 2202 383 2244 in
417 2202 605 2257 quodam
635 2204 833 2245 torrente
865 2216 1006 2258 aquae
1037 2202 1231 2245 effusaen
1262 2202 1555 2256 largissimae,
1587 2203 1668 2253 ita,
1699 2204 1752 2244 ut
1781 2202 1980 2245 omnis0
2011 2201 2224 2244 exercitus

339 2258 610 2301 sufficienter
653 2259 851 2302 haberet.
935 2259 1227 2302 Destructo
1271 2259 1395 2302 fano
1440 2272 1528 2301 rex
1573 2272 1704 2313 super
1746 2258 1996 2301 Wiseramp
2041 2258 2223 2301 fluvium

338 2316 462 2358 venit
500 2318 546 2358 et
582 2315 648 2358 ibi
686 2329 784 2358 cum
817 2316 1058 2359 Saxonibus
1096 2316 1314 2369 placitum
1352 2315 1512 2358 habuit
1544 2318 1589 2358 et
1619 2316 1805 2370 accepit
1845 2316 1936 2358 XII
1975 2314 2147 2357 obsides
2180 2317 2224 2358 et

339 2386 535 2415 reversus
567 2375 634 2414 est
664 2373 711 2415 in
742 2373 1022 2416 Franciamq.
1082 2373 1141 2416 Et
1173 2373 1415 2416 celebravit
1445 2372 1645 2415 natalem
1676 2372 1856 2416 Domini
1887 2373 1934 2414 in
1963 2371 2225 2415 Heristellio

340 2432 385 2472 et
414 2429 578 2483 pascha
609 2430 831 2472 similiter.

482 2485 631 2529 Anno
671 2486 972 2529 dominicae
1006 2485 1408 2528 incarnationis
1439 2483 1763 2528 DCCLXXIII.
1811 2499 1885 2528 rex
1915 2484 2137 2539 perrexitr
2169 2484 2225 2527 ad

339 2542 625 2585 hiemandum
656 2543 703 2585 in
735 2542 993 2586 Theodonis
1024 2543 1148 2592 villa,
1179 2542 1270 2584 ubi
1303 2556 1417 2585 eum
1450 2542 1592 2585 adiit
1622 2543 1780 2585 missus
1811 2541 2000 2585 Adriani
2029 2555 2223 2596 papae,

339 2600 514 2642 nomine
556 2600 735 2650 Petrus,
777 2600 994 2643 invitans
1038 2613 1149 2642 eum
1190 2613 1278 2641 una
1316 2612 1414 2641 cum
1457 2599 1659 2650 Francis,
1699 2603 1757 2643 ut
1800 2613 1880 2653 pro
1923 2599 2007 2642 Dei
2049 2612 2224 2642 amore

328 2665 445 2698 seuS
476 2671 554 2710 pro
586 2657 767 2700 iusticia
797 2657 941 2700 sancti
972 2657 1099 2700 Petri
1131 2655 1466 2711 adquirenda
1504 2670 1634 2710 super
1663 2656 1945 2699 Desiderium
1976 2658 2022 2698 et
2051 2656 2229 2710 Lango-

340 2726 502 2770 bardos
534 2728 764 2771 veniret.
845 2713 1001 2764 Venit
1037 2713 1282 2780 prefatus
1320 2712 1529 2780 legatus
1566 2730 1662 2779 per
1699 2730 1847 2764 mare
1885 2729 2054 2779 usque
2081 2711 2223 2763 Mas-

339 2845 375 2886 ε)
397 2846 665 2878 Karlomannus
690 2847 721 2878 A
738 2851 767 2880 1.
790 2848 826 2886 23
852 2847 1006 2879 Karolus
1031 2847 1092 2879 A3
1117 2847 1172 2884 (ex
1187 2846 1421 2887 Ekkehardo).
1474 2847 1512 2883 b)
1535 2846 1804 2878 eo—-rebellare
1826 2846 1950 2877 desunt
1974 2846 2005 2876 A
2021 2847 2054 2877 3.
2107 2847 2141 2885 c)
2164 2845 2221 2876 de-

340 2889 555 2920 dicationem
581 2891 612 2921 Β
631 2894 645 2921 1
673 2891 774 2928 (corr.
802 2891 1051 2928 deditionem).
1079 2891 1110 2921 Β
1126 2891 1158 2921 2.
1241 2889 1277 2928 d)
1307 2888 1458 2920 hunoldi
1480 2890 1510 2920 A
1527 2891 1546 2921 3
1569 2899 1712 2928 semper.
1800 2888 1834 2926 e)
1864 2888 2116 2919 ecolonensem
2141 2889 2220 2919 ΒΞ.

340 2932 369 2968 f)
391 2932 597 2963 francorum
622 2934 654 2963 Β
671 2938 700 2964 2.
791 2934 830 2972 g)
854 2933 970 2965 habiit
992 2933 1023 2963 A
1039 2935 1068 2964 1.
1094 2936 1129 2971 23
1165 2932 1291 2963 habuit
1313 2933 1345 2963 Β
1361 2934 1395 2964 2.
1489 2934 1527 2967 h)
1549 2932 1760 2963 dornoniam
1785 2932 1818 2962 Β
1834 2934 1869 2969 1;
1903 2931 2115 2962 dordoniam
2137 2931 2169 2961 B
2184 2931 2222 2969 23

340 2974 571 3005 dorndoniam
597 2976 629 3006 Β
646 2977 677 3007 3.
724 2977 750 3016 i)
775 2976 867 3006 deest
889 2976 919 3006 A
935 2977 967 3008 2.
1013 2975 1054 3015 k)
1077 2975 1295 3006 frontiacum
1320 2975 1350 3005 A
1372 2978 1404 3012 1;
1436 2974 1610 3006 fronticus
1634 2975 1666 3005 Β
1681 2976 1715 3005 2.
1761 2974 1789 3013 l)
1813 2974 1935 3012 ibique
1958 2973 2119 3004 Francos
2141 2972 2222 3004 A3.

340 3016 388 3056 m)
411 3018 511 3048 misit
533 3018 577 3047 ad
600 3018 631 3048 A
647 3020 679 3050 3.
769 3019 809 3059 n)
832 3019 952 3057 lupem
977 3019 1008 3049 Β
1024 3020 1058 3049 3.
1145 3020 1179 3057 o)
1203 3018 1373 3057 fugerant
1396 3017 1426 3048 A
1443 3021 1473 3049 1.
1499 3019 1537 3059 23
1570 3017 1715 3055 fugerat
1736 3016 1811 3047 A3.
1899 3016 1938 3054 p)
1962 3016 2120 3054 repisset
2142 3017 2171 3045 A
2190 3018 2218 3046 1.

341 3059 377 3098 q)
399 3059 671 3092 DCCLXVIH.
698 3061 730 3091 Β
745 3062 777 3093 2.
823 3062 855 3101 r)
882 3061 1039 3092 Karolus
1063 3060 1106 3091 A.
1154 3061 1186 3100 s)
1209 3064 1359 3092 et—est
1382 3070 1422 3091 ea:
1446 3060 1575 3091 Ekkeh.
1602 3060 1745 3090 mutavit
1767 3058 1798 3088 A
1814 3059 1847 3089 3.
1893 3058 1921 3098 t.)
1944 3058 2118 3089 baioriam
2142 3057 2175 3087 B
2194 3060 2222 3090 1.

342 3102 378 3140 11)
401 3104 585 3140 magontia
608 3103 669 3142 (A)
694 3103 724 3133 A
740 3105 771 3134 2.
797 3104 834 3143 33
858 3104 1062 3142 maogontia
1083 3103 1114 3133 A
1133 3105 1162 3134 l.
1250 3103 1290 3142 v)
1315 3102 1472 3134 Karolus
1495 3102 1526 3132 A
1543 3103 1574 3134 2.
1599 3104 1630 3133 3.
1729 3101 1774 3138 w)
1799 3100 1890 3131 deest
1912 3100 1943 3130 A
1958 3102 1990 3131 2.
2080 3098 2117 3139 x)
2142 3108 2222 3130 con-

341 3147 489 3175 ventum
513 3145 543 3175 A
559 3146 591 3176 2.
702 3146 741 3182 y)
773 3147 1044 3176 valentinianas
1067 3146 1098 3175 A
1115 3149 1146 3176 1.
1172 3146 1202 3176 3.
1230 3146 1262 3175 Β
1279 3146 1308 3175 2.
1420 3146 1455 3184 z)
1485 3145 1738 3176 carboniacum
1762 3142 1793 3172 A
1809 3143 1840 3173 3.
1959 3142 1995 3182 a)
2027 3141 2222 3172 adalardus

340 3187 370 3216 A
394 3187 425 3217 3.
451 3188 482 3217 B
499 3190 533 3225 ις
570 3183 694 3219 adalht
718 3189 749 3218 Β
766 3189 795 3218 2.
907 3187 945 3227 b)
972 3189 1100 3227 paucis
1123 3187 1152 3217 A
1171 3188 1201 3218 2.
1227 3189 1257 3218 3.
1285 3188 1316 3217 B
1332 3187 1364 3217 3.
1484 3187 1518 3226 c)
1549 3187 1719 3217 attiniaco
1742 3184 1773 3215 A
1789 3186 1820 3216 2.
1846 3185 1878 3216 3.
1995 3183 2032 3225 d)
2063 3184 2221 3215 Karalus

340 3229 412 3260 ΑΞ.
437 3230 469 3261 3.
510 3230 588 3260 Be.
699 3230 733 3269 e)
767 3231 975 3268 generalem
1008 3233 1227 3260 conventum
1257 3229 1288 3259 A
1306 3230 1338 3259 3.
1456 3227 1485 3268 f)
1519 3230 1636 3259 tenuit
1665 3229 1697 3259 Β
1716 3231 1746 3259 1.
1866 3225 1904 3267 g)
1939 3228 2118 3258 uormatia
2140 3226 2219 3258 Ae.

340 3271 380 3310 h)
414 3271 450 3301 in
483 3276 605 3310 partes
636 3272 714 3303 Aa.
825 3272 852 3309 i)
882 3273 1112 3311 herespurgh
1140 3273 1169 3302 A
1189 3276 1222 3310 13
1265 3271 1487 3302 heresburch
1519 3272 1595 3302 Ae.
1630 3272 1663 3302 3.
1780 3268 1820 3310 k)
1853 3269 2042 3300 hemensul
2072 3270 2150 3301 Al.
2183 3270 2224 3309 23

341 3314 524 3345 ormensul
548 3315 580 3344 B
597 3315 629 3345 2.
730 3314 756 3353 1)
779 3315 937 3353 phanum
960 3315 991 3345 A
1007 3318 1026 3346 2
1049 3323 1192 3353 semper.
1298 3313 1347 3352 m)
1371 3313 1546 3352 repperiit
1568 3313 1598 3344 A
1617 3316 1646 3345 1.
1750 3313 1789 3350 n)
1813 3311 1951 3343 effusae
1975 3313 2060 3344 sunt
2083 3311 2115 3342 A
2130 3313 2161 3343 2.
2187 3312 2218 3343 3.

341 3355 377 3395 ο)
400 3357 497 3387 omni
518 3357 693 3388 exercitui
723 3356 935 3388 sufficerent
957 3357 987 3387 A
1003 3358 1034 3389 3.
1123 3358 1161 3397 p)
1194 3357 1375 3388 Wisaram
1403 3357 1433 3387 A
1450 3358 1482 3388 3.
1583 3354 1620 3396 q)
1652 3355 1822 3386 frantiam
1846 3355 1889 3386 B.
1989 3357 2022 3393 r)
2055 3355 2222 3394 pervenit

341 3400 373 3430 B
389 3400 420 3430 2.
444 3401 480 3437 33
518 3398 602 3430 dum
625 3400 695 3430 iret
715 3416 768 3440 —‚
800 3399 887 3431 adiit
909 3408 991 3432 eum
1015 3400 1045 3430 A
1061 3399 1091 3430 3.
1211 3398 1245 3439 s)
1282 3408 1312 3430 s.
1338 3399 1380 3430 P.
1413 3398 1578 3430 iusticias
1610 3397 1828 3429 defensurus
1861 3396 2036 3428 adversus
2060 3397 2108 3429 D.
2141 3396 2172 3428 A
2187 3397 2229 3429 3-

342 3505 384 3557 1)
417 3503 757 3560 Aequolesinam
792 3504 1110 3560 (Anyozclenze)
1143 3507 1261 3549 Ann.
1285 3507 1428 3549 Laur.
