2491 3724
558 181 580 187 ‘
701 178 1027 223 REGINONIS
1057 178 1417 223 CHRONICON.
1477 179 1530 222 A.
1554 180 1651 224 774.
2051 184 2106 226 49

247 305 471 366 siliamss,
522 304 644 355 inde
683 321 776 369 per
813 309 1010 357 terram
1049 323 1216 371 usque
1255 305 1354 356 adb
1392 321 1589 370 regem;
1631 321 1676 362 et
1716 319 1813 363 ideo
1853 334 1938 373 per
1979 335 2105 365 mare
2131 333 2225 364 Anu,
2250 332 2358 364 Lam,

245 376 385 425 venit,
429 375 534 430 quia
576 375 672 418 viae
718 376 891 418 clausae
936 376 1114 419 fuerunt
1159 389 1184 418 a
1224 375 1528 430 Langobardis
1572 376 1795 418 Romanis.
1872 376 1990 418 Tunc
2036 391 2107 420 rex

21 433 37 451 ⁶
60 444 98 474 z>-
114 434 219 466 55811·
245 431 442 474 fideles
467 432 746 482 consuluit,
771 435 946 475 utrum
965 432 1358 486 *petitionibus
1384 432 1676 485 apostolici
1697 445 1965 474 assensum
1990 447 2106 486 pre-

244 488 420 531 beret:
446 487 690 530 omnibus
712 488 807 531 hoc
831 488 1308 534 conlaudantibus,
1336 488 1456 530 illis
1478 489 1531 530 in
1550 488 1802 541 partibus
1826 488 2106 541 profectus

245 547 328 587 est
358 543 729 599 Genevamque
761 544 989 587 civitatem
1019 548 1244 586 veniens
1275 543 1475 586 sinodum
1506 545 1654 586 tenuit
1692 547 1743 586 et
1773 544 1837 586 ibi
1869 546 2102 587 exercitum

244 600 397 643 divisit
434 601 487 642 in
525 600 654 643 duas
693 603 888 654 partes.
954 601 1055 653 lpse
1086 613 1197 642 cum
1228 613 1330 642 una
1359 602 1518 652 parte
1555 613 1634 653 per
1664 602 1858 643 montem
1891 599 2105 643 Cinisium

243 657 437 710 perrexit
477 659 522 699 et
562 657 686 698 misit
727 655 1028 698 Bernardumc
1071 656 1332 698 avunculum
1373 669 1500 698 suum
1544 669 1655 698 cum
1696 656 1910 711 reliqua
1952 661 2105 710 parte

244 727 320 766 per
365 715 561 756 montem
604 713 740 761 Iovis;
795 711 1156 754 coniunxerunt
1203 714 1384 754 autem
1430 725 1474 754 se
1518 715 1744 767 uterque
1792 713 2005 756 exercitus
2052 714 2105 756 ad

244 770 399 812 clusas.
471 767 614 820 Quod
656 781 765 810 cum
811 768 1154 821 cognovisset
1195 767 1462 817 DesideriuS,
1505 768 1601 822 regi
1644 771 1696 810 et
1734 768 1955 812 Francis
1995 783 2106 812 cum

245 825 469 868 armatis
515 824 766 867 occurrit.
851 823 970 865 Tunc
1015 837 1088 866 rex
1133 827 1280 867 castra
1315 825 1500 878 posuit
1537 824 1593 867 ad
1630 824 1806 867 easdem
1844 825 2015 868 clusasd
2063 830 2105 869 et

243 882 382 924 misit
422 881 630 924 occulte
673 893 826 922 unam
865 889 1064 923 scarame
1106 880 1164 923 de
1205 881 1398 923 electis
1436 881 1571 923 viris
1608 894 1686 934 per
1723 884 1946 925 montana.
2013 882 2105 925 Hoc

242 938 435 981 sentiens
464 935 717 979 Desiderius
748 937 938 979 statim
970 936 1142 979 clusasd
1174 937 1385 992 reliquit
1417 942 1487 987 et,
1526 950 1678 992 quam
1711 938 1873 980 citius
1904 939 2104 992 potuit,

243 994 462 1047 Papiam
485 993 762 1047 ingressus
787 995 879 1035 est.
925 993 1017 1035 Rex
1040 995 1217 1036 autem
1242 1006 1337 1035 cum
1364 993 1605 1036 omnibus
1630 994 1899 1037 auxiliantes
1918 995 2105 1038 Domino

242 1054 288 1092 et
317 1048 614 1092 intercedente
644 1049 776 1091 beato
799 1049 933 1092 Petro
963 1050 1056 1092 sine
1087 1050 1252 1093 lesione
1275 1049 1459 1092 Italiam
1491 1051 1759 1104 ingressus
1792 1054 1872 1093 est
1903 1054 1960 1101 et,
1993 1065 2104 1094 cum

242 1106 306 1148 ad
334 1106 522 1160 Papiam
559 1105 885 1159 pervenisset,
925 1105 1229 1149 Desiderium
1268 1107 1637 1149 intrinsecus&
1673 1107 1991 1150 latitantem
2031 1108 2105 1151 ob-

242 1161 358 1205 sedit
367 1179 377 1213 3
407 1162 558 1217 ibique
589 1163 636 1204 in
667 1175 745 1204 sua
769 1164 913 1204 castra
937 1162 1178 1206 celebravit
1200 1163 1395 1205 natalem
1420 1163 1599 1205 Domini
1623 1165 1668 1205 et
1696 1163 1859 1216 pascha
1882 1164 1929 1206 in
1952 1165 2103 1207 Roma.

384 1218 530 1261 Anno
561 1218 861 1261 dominicae
892 1219 1292 1262 incarnationis
1323 1217 1671 1262 DCCLXXIIII.
1702 1219 1822 1261 rexh
1855 1219 1980 1262 dumi
2018 1221 2106 1263 ink

241 1274 364 1317 illis
387 1275 637 1329 partibus
661 1274 773 1328 prol
792 1274 1203 1318 huiuscemodim
1224 1276 1444 1329 negotio
1463 1288 1658 1317 moram
1677 1275 1900 1325 faceret,
1918 1275 2104 1319 Saxones

243 1332 520 1374 occasione
552 1333 793 1384 accepta,
836 1332 1163 1384 postpositis
1194 1332 1571 1380 sacramentis,
1614 1332 1668 1373 in
1700 1331 1938 1374 finibusn
1970 1333 2104 1375 Fran·

242 1401 388 1430 corum
418 1388 675 1440 impetum
706 1386 953 1429 fecerunt
984 1389 1036 1430 et
1066 1401 1198 1443 usque
1224 1387 1279 1429 ad
1303 1390 1510 1437 castrum,
1536 1387 1650 1442 quod
1673 1387 1926 1430 nominatur
1948 1389 2106 1432 Buria·

240 1444 426 1498 burgh0‚
464 1445 696 1494 venerunt3
740 1456 958 1497 quorum
997 1443 1283 1486 adventum
1321 1444 1532 1486 incolae
1564 1443 1671 1486 loci
1700 1445 2103 1497 presentientes

241 1500 294 1542 in
337 1500 440 1542 iam
483 1499 631 1542 dicta
669 1499 973 1542 munitione
1015 1513 1067 1542 36
1108 1502 1440 1553 receperunt.
1514 1500 1697 1554 Igitur
1739 1514 1848 1542 cum
1890 1501 2104 1555 prefata

240 1569 347 1610 gens
393 1556 563 1598 seviens
617 1555 830 1608 coepisset
880 1555 1119 1598 forinsecus
1172 1557 1430 1599 villarum
1484 1556 1744 1599 aedificia
1797 1570 2103 1602 concremare.

239 1614 454 1655 venerunt
485 1611 540 1654 ad
570 1612 790 1667 quandam
821 1611 1051 1655 basilicam
1084 1613 1132 1655 in
1162 1613 1268 1663 loco,
1308 1613 1414 1668 quil>
1446 1612 1609 1655 dicitur
1639 1612 1928 1662 Friedislarq,
1973 1628 2104 1669 quam

240 1672 416 1711 sanctae
454 1668 689 1711 memoriae
728 1668 979 1711 Bonifacius
1017 1672 1187 1725 martyr
1218 1669 1499 1719 consecravit,
1540 1672 1672 1724 atque
1702 1679 1810 1723 perr
1846 1670 2103 1724 prophetiae

240 1725 445 1779 spiritum
469 1724 674 1778 predixit,
699 1724 813 1779 quod
837 1738 1077 1780 numquam
1100 1726 1302 1768 incendio
1326 1728 1592 1768 cremaretur
1605 1735 1634 1767 S.
1681 1724 1926 1779 ceperuntt
1955 1731 2101 1769 autem

240 1781 403 1835 prefati
447 1781 633 1823 Saxones
679 1781 816 1823 omni
860 1781 1107 1824 intentione
1162 1784 1330 1825 certare
1377 1781 1582 1824 adversus
1628 1781 1811 1825 eandem
1857 1782 2102 1831 basilicam,

242 1836 607 1892 quemadmodum
653 1851 750 1879 eam
794 1850 872 1891 per
916 1838 1147 1893 quodlibet
1191 1839 1420 1893 ingenium
1466 1839 1569 1893 igne
1612 1851 1802 1880 cremare
1843 1839 2101 1892 potuissent.

241 1894 321 1936 Et.
336 1893 439 1936 dum
469 1893 577 1935 haec
608 1895 803 1947 agerent,
836 1897 1165 1947 apparueruntu
1196 1894 1458 1949 quibusdam
1490 1894 1755 1944 christianiS,
1796 1896 1871 1949 qui
1902 1899 2027 1938 erant
2056 1896 2102 1938 in

241 1951 446 2000 castello,
488 1949 728 1992 similiterv
759 1949 1060 2005 quibusdamw
1089 1951 1296 2005 paganis,
1341 1952 1415 2006 qui
1446 1951 1491 1993 in
1530 1950 1706 1993 eodem
1742 1954 1867 1994 erant
1898 1953 2101 1997 exercitu.

241 2005 358 2049 (1110Χ
387 2007 563 2049 iuvenes
595 2006 642 2048 in
673 2005 788 2048 albis
818 2007 1208 2058 vestimentisy,
1242 2007 1317 2062 qui
1347 2008 1490 2061 ipsam
1521 2007 1751 2050 basilicam
1785 2007 1839 2050 ab
1872 2008 1975 2063 igne
2005 2023 2102 2062 pro-

241 2062 474 2117 tegebant:
530 2065 575 2105 et
618 2065 850 2116 propterea
895 2077 982 2106 non
1025 2067 1264 2117 potuerunt
1303 2077 1443 2119 neque
1482 2064 1666 2106 interius
1704 2073 1874 2119 nequez
1915 2066 2102 2107 exterius

239 2119 390 2173 ignem
430 2118 675 2161 accendere.
750 2118 969 2161 Interea
1006 2122 1117 2162 nutu
1156 2120 1362 2162 (1117111661Ἱι
1391 2120 1639 2162 maiestatis
1677 2134 1836 2173 pavore
1873 2122 2102 2174 perterriti

240 2176 286 2217 in
315 2174 470 2230 fugam
501 2175 694 2218 conversi
717 2178 833 2224 sunt,
864 2175 1038 2218 nemine
1061 2179 1361 2232 persequente.
1423 2177 1633 2218 Inventus
1658 2179 1804 2218 autem
1831 2177 1927 2219 estb
1951 2180 2103 2230 postea

239 2245 349 2273 unus
373 2246 423 2274 ex
447 2231 610 2274 eisdem
637 2231 878 2274 Saxonibus
902 2235 1098 2275 mortuus
1129 2233 1253 2275 iuxta
1284 2234 1427 2286 ipsam
1451 2232 1697 2277 basilicam,
1730 2232 1892 2275 flexis
1917 2234 2101 2288 genibus

240 2288 427 2330 adclinis
458 2301 589 2342 supra
620 2287 771 2342 pedes,
812 2287 978 2331 habens
1008 2289 1159 2343 ignem
1198 2292 1243 2331 et
1269 2289 1395 2343 ligna
1424 2289 1470 2331 in
1502 2289 1704 2331 manibus
1737 2292 1788 2331 et
1818 2290 1968 2332 veluto
2000 2290 2103 2333 016(1

240 2344 407 2387 flaret
436 2345 636 2399 ipsame
666 2344 897 2387 basilicam
931 2348 1281 2388 crematurus

379 2400 537 2443 Dumf
578 2401 706 2443 haec
747 2403 1002 2456 aguntur,
1042 2400 1234 2445 Carolus
1275 2415 1300 2444 a
1336 2401 1477 2444 Roma
1515 2415 1724 2444 reversus
1756 2401 2102 2456 Papiam‘venit

240 2457 486 2512 ipsamque
519 2457 746 2499 civitatem
778 2457 941 2499 armis
972 2459 1104 2512 cepit,
1136 2459 1356 2512 insuper
1379 2457 1654 2500 Desiderium
1679 2471 1827 2513 regem
1853 2472 1950 2501 cum
1974 2472 2101 2501 uxore

240 2526 332 2555 sua
369 2516 415 2555 et
449 2513 544 2555 filia
580 2522 906 2568 omnemque&
934 2514 1207 2557 thesaurum
1244 2515 1425 2567 palatii;
1468 2514 1651 2569 ibiqueh
1690 2515 1916 2557 venientes
1955 2529 2102 2558 01111163

241 2569 523 2623 Langobardi
565 2567 617 2611 de
659 2570 827 2611 cunctis
873 2570 1130 2613 civitatibus
1172 2570 1335 2613 Italiae
1383 2571 1494 2612 eius
1540 2584 1584 2613 36
1630 2570 1920 2613 subdiderunt
1965 2571 2102 2614 domi-

240 2625 466 2667 nationi.
533 2623 772 2679 Adalgisus
810 2627 953 2668 veroi
991 2627 1108 2669 filius
1146 2626 1365 2669 Desiderii
1403 2627 1522 2680 regis
1560 2626 1668 2680 fuga
1705 2627 1852 2680 lapsus
1883 2640 2005 2669 mare
2037 2628 2101 2669 in·

239 2681 398 2723 troiitk
431 2683 475 2723 et
505 2679 934 2734 Constantinopolim
964 2683 1170 2735 perrexit.
1237 2681 1439 2725 Carolusl
1478 2682 1717 2737 subiugata
1747 2683 1883 2725 Italia
1913 2686 1957 2725 et
1989 2683 2100 2725 ordi-

240 2739 347 2779 nata
377 2736 622 2780 custodiam
653 2737 919 2780 Francorum
957 2739 1004 2780 in
1034 2739 1176 2791 Papia
1207 2738 1440 2781 dimittens
1480 2751 1575 2780 cum
1607 2752 1769 2792 magno
1800 2739 2023 2792 triumpho
2054 2740 2098 2780 in

241 2793 472 2835 F1anciam
503 2806 700 2836 reversus
731 2796 816 2843 est;
850 2796 895 2836 et
925 2806 1036 2836 cum
1067 2795 1259 2837 venisset
1288 2795 1340 2836 in
1371 2794 1526 2844 locum,
1560 2795 1634 2849 qui
1659 2794 1822 2836 dicitur
1845 2794 2100 2848 Hengilin-

239 2849 416 2899 heimm,
449 2850 585 2891 misit
617 2851 804 2904 quatuor
833 2858 1010 2892 scarasn
1042 2850 1088 2892 in
1119 2850 1366 2892 Saxoniam:
1399 2853 1487 2892 tres
1518 2864 1712 2904 pugnam
1738 2864 1834 2892 cum
1859 2850 2099 2893 Saxonibus

239 2906 434 2948 inierunt
472 2908 517 2948 et
548 2906 655 2947 Deo
696 2906 936 2949 auxiliante
975 2906 1159 2949 victores
1198 2907 1455 2954 extiterunt,
1496 2908 1653 2961 quarta
1693 2920 1793 2949 vero
1831 2914 1983 2949 scara0
2014 2920 2099 2950 non

239 3015 275 3056 a)
310 3016 491 3048 masiliam
515 3017 544 3048 A
570 3020 601 3048 l.
709 3016 747 3057 b)
785 3017 876 3048 deest
898 3017 928 3047 A
952 3019 981 3048 2.
1095 3017 1127 3055 6)
1164 3017 1386 3048 Bai-nardum
1416 3017 1446 3048 A
1462 3019 1493 3048 2.
1603 3018 1640 3057 d)
1679 3019 1823 3048 clausas
1854 3018 1883 3048 A
1903 3021 1931 3048 1.
1964 3019 1995 3048 B
2014 3021 2042 3049 1.
2067 3020 2097 3049 2.

239 3059 273 3097 6)
298 3060 435 3090 scalam
458 3059 488 3089 A
505 3061 538 3096 2;
564 3062 718 3090 turmam
742 3060 772 3090 A
788 3061 818 3091 3.
895 3060 922 3098 f)
947 3059 1140 3090 ausiliante
1163 3061 1195 3090 B
1211 3061 1242 3091 3.
1315 3059 1351 3098 g)
1375 3061 1610 3090 intrinsecum
1635 3059 1665 3090 A
1684 3063 1713 3091 1.
1739 3061 1769 3090 Β
1785 3061 1814 3090 2.
1894 3059 1934 3098 11)
1957 3059 2101 3091 Interea

240 3101 401 3133 Saxones
425 3101 457 3132 A
472 3103 504 3133 3.
613 3103 640 3133 i)
671 3110 754 3132 cum
784 3101 814 3132 A
830 3102 862 3133 2.
972 3100 1012 3139 k)
1043 3103 1078 3131 in
1102 3102 1177 3132 illis
1200 3103 1237 3132 in
1261 3102 1423 3139 partibus
1446 3102 1476 3132 A
1496 3105 1523 3132 1.
1551 3103 1582 3132 Β
1600 3105 1634 3139 1;
1673 3102 1748 3132 illis
1772 3102 1810 3132 in
1834 3103 1996 3140 partibus
2021 3104 2050 3134 A
2066 3106 2096 3133 2.

238 3143 266 3183 1)
287 3152 424 3174 moram
446 3143 514 3175 fac.
540 3152 603 3183 pro
625 3144 661 3177 h.
684 3152 766 3183 neg.
792 3143 822 3174 A
838 3145 868 3174 2.
941 3144 992 3183 111)
1015 3144 1221 3174 huiusmodi
1245 3145 1276 3174 B
1292 3145 1323 3174 2.
1401 3143 1439 3183 n)
1462 3143 1553 3174 fines
1578 3144 1606 3174 A
1623 3145 1655 3175 3.
1736 3144 1770 3179 ο)
1792 3144 1990 3182 buriaburg
2013 3145 2042 3174 A
2065 3149 2097 3176 1:

237 3186 459 3217 buriabnrch
482 3186 559 3218 Aa.
617 3187 655 3225 p)
680 3185 770 3217 dem
791 3187 821 3216 A
840 3189 869 3216 1.
924 3185 958 3224 q)
982 3186 1148 3217 fridislar
1171 3187 1200 3216 A
1216 3186 1247 3216 3.
1308 3186 1340 3226 r)
1363 3186 1570 3225 prophetico
1595 3187 1724 3225 spiritu
1750 3186 1778 3216 A
1795 3187 1826 3216 2.
1892 3187 1924 3219 3)
1949 3187 2100 3217 cremari

237 3232 359 3266 posset
373 3227 405 3258 A
419 3229 454 3260 2.
498 3228 527 3268 t)
549 3226 992 3275 Ceperunt—potuissent
1013 3227 1136 3259 desum
1151 3228 1181 3258 A
1196 3229 1229 3258 2.
1283 3227 1320 3267 n)
1343 3231 1561 3266 aparuerunt
1577 3229 1618 3259 Β.
1673 3228 1711 3268 v)
1736 3229 1844 3259 simul
1867 3228 1897 3258 A
1916 3231 1943 3259 1.
1970 3230 2001 3259 Β
2021 3232 2049 3259 1.
2067 3232 2099 3259 3.

238 3269 283 3309 w)
306 3273 342 3301 et
363 3271 531 3308 quibusd.
549 3271 580 3301 A
596 3272 623 3302 2.
637 3271 669 3302 3.
736 3270 775 3311 x)
800 3271 888 3301 duos
912 3270 942 3300 A
960 3273 991 3301 1.
1015 3271 1047 3300 B
1065 3272 1092 3301 1.
1112 3271 1143 3300 2.
1210 3270 1248 3306 y)
1273 3271 1436 3301 vestibus
1459 3271 1489 3301 A
1505 3273 1537 3302 2.
1555 3271 1586 3302 3.
1654 3269 1690 3310 z)
1713 3278 1747 3300 n.
1773 3275 1845 3301 ext.
1870 3271 1995 3301 desunt
2019 3272 2048 3300 Β
2065 3272 2097 3301 3.

238 3311 274 3351 a)
307 3311 429 3343 divino
452 3313 482 3343 A
499 3316 534 3351 13
559 3313 628 3345 Dei
650 3312 682 3343 A
697 3314 729 3344 3.
838 3312 877 3351 b)
911 3312 1004 3343 deest
1027 3313 1059 3342 B
1075 3313 1110 3349 23
1142 3315 1198 3343 est
1221 3315 1339 3343 autem
1363 3312 1394 3342 A
1418 3313 1449 3343 2.
1474 3314 1505 3344 3.
1616 3312 1652 3352 c)
1686 3312 1793 3343 velud
1816 3318 1892 3343 oret
1921 3312 1951 3342 A
1969 3315 1997 3343 1.
2020 3313 2051 3342 B
2068 3314 2098 3342 2.

239 3353 276 3392 d)
306 3353 472 3384 sufflaret
493 3364 553 3387 ore
575 3355 607 3385 A
622 3355 654 3386 2.
721 3354 755 3394 6)
785 3354 876 3385 deest
898 3353 928 3384 A
943 3355 979 3394 33
1010 3354 1118 3385 basil.
1143 3355 1257 3392 ipsam
1281 3354 1311 3384 A
1328 3355 1357 3384 2.
1434 3354 1461 3392 f)
1490 3355 1579 3385 Post
1600 3354 1694 3385 haec
1715 3355 1828 3393 igitur
1850 3354 1880 3385 A
1895 3355 1925 3385 3.
1996 3355 2034 3392 g)
2065 3360 2099 3384 et

238 3404 379 3426 omnem
401 3396 433 3426 A
449 3397 480 3428 2.
505 3399 535 3429 3.
608 3397 648 3437 h)
671 3397 722 3428 ibi
745 3397 776 3427 A
794 3399 829 3433 13
860 3397 1121 3435 venientesque
1144 3396 1174 3426 A
1189 3396 1220 3427 3.
1296 3395 1322 3435 i)
1345 3396 1436 3427 deest
1459 3396 1490 3427 A
1506 3398 1537 3427 2.
1562 3397 1594 3427 3.
1668 3395 1709 3431 k)
1731 3398 1893 3427 introivit
1915 3396 1946 3426 A
1964 3399 1991 3426 1.
2020 3396 2050 3426 Β
2066 3397 2096 3426 3.

238 3437 266 3476 l)
296 3437 454 3469 Karolus
476 3439 520 3469 A.
622 3439 672 3476 m)
701 3439 956 3477 henglinheim
978 3438 1009 3468 A
1026 3440 1062 3477 23
1093 3437 1342 3476 hengilinhem
1366 3439 1397 3468 B
1413 3439 1444 3469 2.
1532 3440 1572 3476 11)
1604 3440 1722 3469 scalas
1746 3438 1775 3468 A
1792 3439 1826 3477 23
1859 3442 1995 3468 turmas
2019 3439 2047 3467 A
2065 3439 2095 3469 3.

239 3481 276 3519 o)
298 3480 394 3510 scala
415 3480 446 3511 A
461 3481 497 3519 2;
530 3489 613 3512 vero
636 3490 685 3512 sc.
711 3481 834 3511 desunt
857 3481 886 3511 A
902 3482 933 3512 3.

1790 3549 1817 3592 4
