2491 3724
578 149 905 194 REGINONIS
937 151 1295 195 CHRONICON.
1355 151 1408 194 A.
1433 153 1683 196 295—309.
2006 158 2059 201 15

343 273 553 318 Silvester
582 289 696 328 papa
727 277 866 319 clarus
897 277 1098 328 habetur,
1130 278 1250 321 cuius
1280 277 1500 320 industria
1529 277 1704 320 sinodus
1734 280 2058 332 preclarissima
2081 288 2164 322 Ado.

200 333 295 375 toto
325 331 427 374 orbe
457 333 675 374 terrarum
706 330 996 376 CCCXVIIIa
1023 336 1199 387 patrum
1232 333 1347 387 apud
1376 333 1558 375 Niceam
1589 333 1742 376 urbem
1773 335 2058 379 celebraturl.

201 399 336 444 Crux
372 400 588 444 Domini
625 403 801 445 nostri
838 403 959 446 Iesu
991 401 1198 446 Christi
1236 408 1267 441 a
1298 389 1433 439 Iuda
1472 403 1787 446 invenitur2.
1862 391 1964 442 Sed
2002 397 2062 443 Ut

200 457 255 506 in
294 456 468 507 Gestis
515 456 825 522 pontificum
871 459 1231 509 Romanorum
1281 458 1524 524 legimus,
1575 459 1672 510 sub
1719 458 2059 512 Constantiob

198 530 352 591 patre
413 527 753 578 Constantini
819 532 872 578 et
938 527 1166 578 Eusebio
1233 527 1483 594 pontifice
1544 528 1824 580 Romano3
1875 531 2060 581 eadem

199 612 329 646 crux
366 596 580 648 inventa
617 602 711 648 est.
796 596 930 648 Nam
969 597 1044 648 ibi
1081 598 1187 648 ita⁰
1223 599 1440 664 legitur:
1490 607 1572 649 sub
1602 607 1740 650 huius
1769 610 2057 662 temporatim,
2082 619 2126 652 e.
2145 630 2177 660 p.
2197 622 2239 653 R.

198 665 254 716 id
292 670 372 717 est
409 666 643 733 Eusebii‚
680 675 862 717 inventa
900 679 964 717 est
1000 687 1110 717 crum
1139 676 1329 718 Domini
1360 676 1415 719 V.
1444 676 1605 719 Nonas
1639 676 1801 731 Mayid
1838 683 1878 721 et
1915 679 2060 732 bapti-

198 742 359 781 zatuse
389 742 453 781 est
479 738 641 790 Iudas,
671 737 751 791 qui
779 742 819 780 et
849 735 1132 787 Quiriaeus4.

955 857 1150 916 295—-
1164 858 1303 918 309.
2085 881 2209 917 (337—
2222 881 2313 920 361).

338 956 490 1008 Anno
540 956 835 1008 dominicae
884 957 1268 1009 incarnationis
1319 958 1564 1013 CCXCV.
1634 973 1917 1019 Constantius
1960 991 2057 1020 cum
2081 985 2192 1016 Beda.

197 1026 487 1071 Constantino
519 1030 566 1070 et
597 1026 838 1072 Constante
867 1028 1092 1079 fratribus,
1124 1042 1257 1071 annos
1281 1030 1460 1072 XXIIII
1471 1029 1508 1081 5,
1539 1044 1708 1074 menses
1731 1033 1784 1083 V,
1817 1033 1908 1075 dies
1932 1034 2058 1076 XIII.

195 1083 419 1127 Horumf
448 1084 781 1138 temporibus
805 1083 883 1127 An
895 1085 1122 1127 astasiusg
1146 1099 1171 1127 a
1194 1084 1482 1129 Constantino
1513 1088 1759 1141 quaeritur
1783 1089 1838 1131 ad
1861 1103 1972 1142 poen
1984 1104 2058 1140 as,

196 1142 414 1182 sanctus
444 1140 472 1182 S
484 1140 724 1183 ervatius
749 1140 1113 1194 Tungrorumh
1126 1165 1131 1171 ·
1145 1140 1183 1191 6,
1214 1142 1479 1185 Maximinus
1503 1143 1809 1186 Treverorumi
1835 1147 2059 1199 episcopus

196 1197 338 1240 clarus
354 1196 554 1247 habetur,
571 1196 755 1239 Iacobus
771 1196 1036 1239 Nisibinusk
1052 1197 1276 1251 episcopus
1302 1199 1566 1252 agnoscitur,
1584 1199 1804 1243 Antonius
1822 1202 2059 1244 monachus

194 1253 241 1294 in
273 1254 437 1296 eremol
474 1253 672 1303 moritur,
703 1253 902 1295 Hilarius
933 1253 1205 1295 Pictavensis
1237 1254 1462 1307 episcopus
1494 1255 1549 1297 ab
1581 1256 1710 1299 exilio
1741 1260 1981 1300 revocatur.

335 1322 475 1364 Iulius
512 1336 649 1376 papa
686 1323 740 1364 in
777 1322 996 1364 exilium
1035 1323 1302 1373 mittitur;
1349 1323 1549 1366 Liberius
1593 1339 1730 1379 papa
1769 1326 1931 1369 exilio
1971 1327 2055 1370 de·
2081 1332 2122 1364 G·
2144 1343 2177 1373 p-
2198 1336 2241 1366 R-

194 1380 508 1431 portaturm,
539 1380 819 1421 revocatus
857 1378 1121 1420 hereticis
1152 1378 1313 1422 favet.
1363 1380 1489 1422 Felix
1519 1394 1657 1434 papa
1688 1380 1977 1435 deponitur
2009 1386 2062 1426 et

194 1434 258 1477 ab
296 1434 559 1476 hereticis
597 1433 954 1477 interficitur.

334 1503 531 1546 Eusebiu
541 1518 559 1546 s
590 1504 760 1557 presbit
770 1517 821 1546 er
850 1517 879 1557 p
888 1517 909 1545 r
918 1517 978 1557 op
988 1505 1008 1546 t
1017 1517 1038 1546 e
1048 1517 1069 1545 r
1098 1503 1230 1546 fidem
1262 1505 1524 1548 catholicam
1549 1506 1596 1548 in
1628 1520 1691 1562 qu
1701 1521 1723 1550 o
1734 1506 1762 1549 d
1773 1506 1874 1550 dam
1885 1516 1909 1537 11
1940 1507 2058 1550 cubi·
2084 1516 2175 1547 Ado.

195 1559 301 1602 culu
313 1573 357 1602 m
367 1569 386 1590 0
416 1559 659 1602 includitur
695 1560 747 1603 ib
757 1560 773 1602 i
783 1574 810 1615 q
820 1574 848 1602 u
858 1573 879 1602 e
917 1562 1018 1613 post
1046 1560 1137 1603 VII
1174 1574 1343 1603 menses
1375 1575 1419 1603 m
1429 1576 1452 1604 o
1462 1562 1505 1604 ri
1514 1564 1534 1604 t
1544 1576 1570 1604 u
1579 1577 1600 1604 r
1610 1563 1640 1605 7.
1700 1563 1872 1606 Dionisi
1881 1578 1909 1605 u
1919 1578 1937 1606 s
1969 1565 2058 1617 epi-

193 1630 295 1670 scop
303 1630 332 1658 11
341 1630 360 1658 s
390 1616 614 1659 Mediolan
625 1630 645 1659 e
655 1630 682 1658 n
694 1617 765 1658 sis
805 1615 921 1670 apud
952 1614 1274 1669 Cappadociam
1284 1626 1306 1655 P
1338 1618 1468 1660 exilio
1498 1617 1748 1672 dampnatu
1758 1634 1779 1661 r
1789 1617 1819 1661 8.
1881 1620 1993 1662 Paul
2002 1634 2029 1662 u
2039 1635 2057 1662 s

193 1671 596 1725 Constantinopolit
606 1686 631 1714 a
639 1686 704 1714 nu
714 1686 733 1714 s
765 1673 944 1726 episcop
952 1686 981 1713 11
990 1686 1009 1714 s
1049 1686 1074 1715 a
1083 1672 1110 1715 b
1142 1672 1357 1715 Arrianis
1395 1676 1517 1716 stran
1522 1675 1628 1729 gula
1638 1678 1658 1718 t
1666 1689 1695 1717 u
1703 1690 1725 1717 r
1735 1674 1765 1717 9.
1832 1676 1993 1718 Paulin
2002 1690 2029 1718 u
2038 1690 2057 1718 s

192 1729 431 1782 episcopus
458 1728 821 1779 Treverorum,
854 1741 1128 1771 successor
1158 1730 1334 1772 sancti
1358 1731 1638 1773 Maximini
1670 1732 1909 1786 episcopi
1922 1731 1970 1782 10,
2003 1732 2056 1775 ob
2082 1739 2124 1771 V.
2144 1741 2188 1771 P.

192 1785 455 1828 catholicam
491 1784 624 1827 fidem
637 1793 655 1814 1⁴
692 1799 718 1828 a
755 1783 1011 1827 Constantio
1050 1785 1178 1827 exilio
1216 1786 1417 1840 religatu
1427 1800 1448 1828 r
1466 1795 1482 1816 S
1522 1789 1567 1829 et
1603 1801 1740 1842 usque
1779 1788 1835 1830 ad
1871 1790 2058 1831 mortem
2081 1795 2170 1826 Ado.

192 1841 331 1883 etiam
360 1841 495 1883 ultra
525 1841 815 1883 christianum
845 1854 1003 1883 nomen
1033 1841 1245 1884 mutando
1277 1843 1408 1884 exilia
1437 1842 1521 1885 fati
1526 1857 1556 1897 g
1565 1857 1589 1885 a
1597 1846 1617 1885 t
1625 1857 1654 1885 u
1663 1857 1696 1893 r,
1756 1843 1827 1886 Ad
1848 1845 2057 1887 ultimum

193 1895 308 1950 apud
338 1896 538 1950 Frigiam
569 1896 798 1939 defunctus
829 1899 897 1940 est
908 1896 1011 1947 1⁰·*‚
1042 1896 1164 1939 inde
1197 1897 1444 1940 Treveris
1476 1902 1813 1952 reportaturt
1826 1923 1835 1931 ·
1854 1899 1903 1941 ll.
2078 1907 2120 1939 V.
2139 1908 2181 1938 P.

359 2007 509 2050 futura
551 2006 859 2050 conceduntur.
931 2008 1056 2051 Inter
1097 2022 1207 2064 quae
1246 2009 1382 2051 etiam
1421 2009 1674 2052 coenobium
1713 2024 1934 2054 servorum
1972 2012 2056 2054 Dei

363 2063 541 2106 Treveri
571 2063 815 2114 inchoatur,
855 2065 924 2106 cui
953 2065 1187 2118 prescripti
1217 2065 1429 2119 principis
1468 2080 1645 2108 assensu
1681 2067 1798 2109 inter
1828 2068 2055 2122 contiguos

357 2120 459 2162 urbi
503 2133 648 2162 muros
692 2120 908 2162 Iohannes
952 2120 1104 2171 abbas,
1145 2121 1283 2163 mirae
1328 2122 1581 2164 sanctitatis
1623 2122 1702 2172 vir,
1745 2124 1877 2166 initia
1918 2123 2054 2166 dedit.

360 2175 493 2219 Cuius
524 2175 721 2219 coenobii
750 2176 908 2219 beatus
932 2175 1208 2231 Augustinus
1238 2179 1285 2220 in
1307 2178 1422 2221 libro
1446 2178 1763 2221 confessionum
1787 2180 2056 2222 mentionem

357 2232 480 2275 facit.
547 2232 746 2274 Treveris
785 2235 994 2275 sanctusu
1024 2234 1231 2288 Agricius
1271 2234 1487 2278 confessor
1527 2236 1572 2277 et
1611 2235 1833 2289 episcopus
1865 2236 2055 2291 insignis

361 2288 539 2339 effulsit,
571 2289 646 2344 qui
678 2288 858 2331 beatum
882 2289 1173 2333 Maximinum
1204 2290 1389 2345 dignum
1419 2291 1506 2333 sibi
1536 2291 1737 2334 instituit
1768 2305 2055 2334 successorem

361 2346 467 2387 add.
498 2345 554 2387 A.

277 2413 316 2466 *)
347 2412 479 2457 Cuius
510 2427 662 2467 corpus
693 2413 917 2457 Treverim
954 2418 1227 2469 reportatum
1265 2430 1401 2472 usque
1439 2415 1567 2459 hodie
1604 2417 1652 2459 in
1689 2416 1881 2471 quadam
1913 2414 2056 2470 cripta

359 2470 494 2512 nullis
526 2470 704 2513 aliunde
735 2473 1047 2515 sustentaculis
1078 2473 1225 2516 nitens
1257 2472 1408 2516 divino
1438 2474 1550 2515 nutu
1580 2473 1849 2515 mirabiliter
1878 2474 1924 2515 in
1957 2487 2054 2515 aere

358 2525 578 2579 dependet
607 2527 713 2569 add.
745 2529 801 2570 A.

189 2633 224 2672 a)
251 2633 434 2666 CCCVIII
458 2636 490 2665 Β
513 2638 542 2666 l.
617 2635 656 2676 b)
679 2638 906 2668 constantino
930 2637 961 2668 A
984 2639 1014 2668 2.
1092 2637 1125 2677 c)
1148 2638 1240 2670 deest
1262 2638 1293 2668 A
1316 2640 1347 2669 2.
1424 2639 1460 2679 d)
1484 2639 1570 2669 maii
1591 2640 1623 2670 B
1644 2641 1675 2670 2.
1753 2637 1786 2678 e)
1807 2639 1941 2670 babtiz.
1966 2640 1997 2669 A
2020 2642 2051 2670 2.

189 2676 218 2715 f)
241 2676 361 2706 Huius
385 2677 416 2706 B
439 2677 471 2708 3.
531 2677 569 2717 g)
590 2677 810 2709 Anastasius
827 2696 868 2701 -—
884 2680 1112 2717 Tungrorum
1135 2680 1259 2711 desunt
1281 2682 1325 2711 B.
1386 2680 1424 2720 h)
1449 2682 1595 2720 Tungro
1617 2681 1660 2712 A.
1720 2680 1747 2720 i)
1769 2682 1983 2712 trevirorum
2008 2683 2052 2713 Β.

191 2718 232 2756 k)
267 2718 409 2749 nisibus
434 2718 495 2758 (B)
518 2721 550 2750 B
566 2721 603 2758 23
627 2721 738 2751 nisibi
762 2730 849 2752 corr.
873 2722 905 2751 Β
928 2724 959 2753 1.
984 2723 1016 2753 3.
1126 2721 1154 2762 l)
1191 2722 1334 2753 heremo
1357 2722 1388 2752 A
1411 2724 1441 2753 2.
1467 2725 1500 2753 Β
1522 2725 1555 2754 3.
1664 2723 1712 2760 m)
1753 2723 1943 2761 deputatur
1965 2725 1997 2754 Β
2019 2725 2052 2754 3.

188 2759 227 2799 n)
257 2760 411 2799 quodam
433 2761 477 2798 B,
499 2771 587 2792 corr.
611 2762 788 2801 quoddam
811 2764 843 2793 Β
867 2765 897 2793 1.
965 2763 1001 2802 ο)
1031 2764 1194 2795 cubiculo
1217 2766 1249 2795 Β
1272 2766 1303 2796 3.
1372 2763 1411 2804 p)
1443 2765 1566 2804 capad.
1591 2765 1634 2797 Β.
1707 2764 1743 2804 q)
1772 2766 1984 2796 trevirorum
2008 2767 2050 2796 Β.

188 2802 221 2842 r)
257 2802 302 2833 ob
324 2801 383 2833 fid.
409 2803 503 2834 cath.
528 2802 572 2834 A.
682 2803 715 2844 s)
750 2805 894 2842 legatur
916 2807 948 2836 B
972 2808 1002 2836 1.
1027 2807 1063 2844 23
1108 2806 1289 2844 relegatur
1311 2807 1344 2836 Β
1366 2808 1398 2837 3.
1519 2807 1548 2846 t)
1585 2806 1669 2837 inde
1691 2809 1735 2837 tr.
1761 2815 1838 2845 rep.
1863 2807 1986 2837 desunt
2008 2807 2050 2838 A.

187 2843 226 2884 u)
263 2844 423 2876 abhinc
452 2854 587 2884 usque
618 2846 672 2877 ad
701 2855 735 2878 a.
761 2847 823 2879 746
852 2846 918 2878 Al
949 2848 1074 2879 nobis
1104 2848 1240 2887 deest,
1263 2848 1417 2888 perditis
1445 2849 1606 2887 secundo,
1639 2849 1746 2888 tertio,
1775 2852 1895 2887 quarto
1925 2849 2053 2880 codicis

187 2887 485 2925 quaternionibus.

190 2983 232 3035 1)
263 2983 366 3027 Ado
395 2985 465 3027 ΙΙ.
497 2985 606 3028 Kal.
637 2986 742 3029 Ian.
857 2987 901 3039 2)
932 2986 1001 3029 Ab
1033 2986 1204 3029 Helena
1234 2988 1391 3042 regina
1420 2988 1500 3031 sub
1532 2986 1823 3031 Constantino
1853 2988 2051 3042 principe

190 3052 364 3083 crucem
400 3042 628 3084 inventam
665 3055 760 3085 esse
797 3043 900 3085 Ado
941 3043 994 3086 V.
1033 3043 1152 3086 Non.
1192 3045 1309 3087 Mai.
1346 3044 1509 3098 refert;
1552 3045 1606 3087 de
1646 3045 1771 3087 Iuda
1812 3050 1961 3088 noster
2003 3047 2051 3087 -ίη

190 3094 341 3139 Gestis
368 3101 488 3149 pont.
521 3097 652 3140 Rom.
683 3098 800 3151 Zeyit.
897 3098 940 3150 3)
973 3098 1111 3142 Gesta
1129 3106 1252 3152 pont.
1280 3100 1433 3143 Rom:
1465 3100 1572 3143 Fuit
1602 3103 1750 3143 autem
1780 3101 2052 3151 (Eusebius)

187 3151 460 3204 temporibus
506 3151 773 3196 Constantis.
917 3154 961 3207 4)
1014 3153 1209 3197 Ciriacus
1254 3157 1348 3200 eod.
1394 3157 1549 3199 Paris.
1595 3157 1734 3200 13729
1783 3158 1851 3206 (Β
1863 3155 1882 3185 2
1927 3157 2053 3211 apud

189 3208 473 3262 Duehesne)‚
517 3222 572 3251 ex
608 3223 693 3264 quo
732 3210 903 3264 Reyino
941 3211 1096 3255 hausit
1106 3227 1120 3263 ‚·
1168 3214 1362 3255 correoeit
1398 3219 1546 3256 noster
1584 3225 1744 3255 nomen
1784 3226 1836 3254 ex
1877 3214 2049 3266 Adone,

190 3262 247 3314 cf.
277 3263 405 3317 infra
433 3265 515 3307 sub
538 3266 736 3309 Iuliano,
823 3265 867 3317 5)
899 3267 1123 3311 295—309
1154 3281 1298 3311 annos
1322 3270 1497 3312 XXIV
1523 3281 1615 3311 esse
1644 3273 1791 3312 noster
1819 3269 1938 3311 ‘vulfi
1971 3269 2050 3310 ad-

191 3318 310 3361 didit
330 3321 447 3363 enim
469 3319 622 3373 295-1—
638 3323 705 3372 24,
730 3322 919 3375 insuper
936 3324 988 3365 X
1006 3337 1148 3367 armos
1169 3325 1331 3368 omisit.
1404 3325 1446 3375 6)
1474 3325 1705 3367 Servatius
1729 3325 1855 3377 apud
1879 3325 2050 3366 Bedam

190 3386 312 3416 nunc
342 3376 472 3419 deest.
568 3377 610 3428 7)
643 3377 745 3420 Ado
769 3379 908 3421 XIX.
934 3379 1042 3422 Kal.
1067 3380 1184 3433 Sept.
1273 3380 1316 3431 8)
1353 3381 1493 3423 VIII.
1526 3381 1633 3423 Kal.
1665 3381 1769 3422 Iun.
1858 3379 1900 3429 9)
1938 3379 2049 3421 VII.

189 3429 261 3472 Id.
278 3431 384 3473 Iun.
444 3430 514 3484 10)
538 3434 617 3475 Ex
637 3433 738 3476 Vita
754 3434 949 3478 Paulini
969 3436 1108 3485 (Acta
1127 3436 1207 3479 SS.
1226 3438 1343 3490 Any.
1358 3437 1438 3486 VI,
1457 3436 1571 3487 676).
1626 3435 1698 3485 11)
1723 3437 1791 3478 II.
1806 3435 1914 3477 Kal.
1931 3435 2050 3487 Sept.
