2491 3724
660 211 985 256 REGINONIS
1017 210 1376 256 CHRONICON.
1435 211 1487 254 A.
1512 213 1608 256 873.
1981 217 2062 259 105

201 355 321 390 cum
360 337 594 389 exercitu
631 337 915 404 dirigam.
995 337 1275 403 Adalgisus
1315 337 1507 388 certisb
1540 336 1752 388 indiciis
1791 337 2060 404 colligenS,

202 408 394 459 bellum
434 407 713 459 adversum
752 425 806 460 se
846 409 1066 460 summis
1103 407 1302 458 viribus
1341 408 1521 474 parari
1561 407 1869 474 hostemque
1909 425 1962 459 se
2002 426 2061 461 ac

200 480 470 530 tirannum
516 495 629 530 esse
676 478 1068 539 denunciatum,
1116 494 1242 529 suae
1286 479 1591 543 nequiciaec
1630 479 1874 529 conscius
1919 485 2064 530 metu

200 548 505 616 percellitur
536 555 588 600 et
616 566 763 614 spem
794 550 934 600 vitae
965 549 1020 599 in
1051 547 1178 612 fuga
1207 564 1407 613 ponens
1439 549 1493 599 in
1525 548 1795 599 Corsicam
1832 548 2060 601 insulam

202 619 422 671 secessit
459 618 636 686 ibique
674 619 744 670 ad
780 623 986 686 tempus
1026 615 1339 671 delituitd·2.

342 830 493 879 Anno
532 827 826 879 dominicae
863 827 1245 878 incarnationis
1286 825 1750 878 DCCCLXXIII.e
1794 835 2062 880 locustarum

203 905 546 950 inaestimabilis
577 904 818 948 multitudo
849 914 1028 949 mense
1060 897 1297 964 Augusto
1337 897 1402 948 ab
1437 898 1641 949 oriente
1671 899 1882 950 veniens
1922 910 2064 951 totam

201 986 332 1034 pene
369 975 640 1030 pervastavit
670 973 908 1018 Galliamss.
985 968 1132 1030 Quae
1171 968 1400 1019 maiores
1439 972 1591 1019 erant
1630 986 1789 1034 quam
1825 976 2063 1022 caeterae

198 1040 434 1090 locustae
457 1036 859 1105 habebantquef
887 1048 1046 1090 senag
1069 1038 1276 1089 alarum
1306 1039 1545 1105 remigia,
1581 1043 1646 1102 et,
1680 1040 1872 1090 mirum
1898 1040 2062 1103 dictu.

200 1114 261 1161 ut
305 1113 597 1160 castrorum
644 1108 784 1159 acies
829 1109 1093 1160 distinctis
1140 1108 1417 1160 ordinibus
1462 1126 1557 1176 per
1594 1125 1720 1161 aera
1757 1109 2065 1163 ferebantur

199 1179 281 1231 vel
332 1184 506 1230 terrae
567 1178 932 1231 incumbentes
993 1181 1207 1231 castrah
1258 1179 1616 1232 metabantur.
1715 1181 1888 1233 Duces
1943 1199 2064 1233 cum

198 1249 384 1316 paucis
424 1249 713 1301 exercitum
744 1250 936 1302 itinere
964 1251 1119 1301 unius
1150 1249 1256 1301 diei
1286 1250 1574 1318 preibanti,
1605 1251 1760 1317 quasi
1791 1251 1907 1303 loca
1939 1259 2065 1319 apta

200 1319 528 1371 multitudini
566 1321 840 1385 provisuri.
918 1320 1073 1372 Circa
1104 1321 1289 1372 horam
1327 1338 1538 1384 nonam,
1578 1321 1671 1372 ubi
1702 1321 1864 1373 duces
1895 1323 2065 1390 pridie

199 1395 466 1452 venerant,
506 1390 823 1453 insidebant,
869 1408 967 1442 nec
1005 1408 1037 1442 a
1074 1390 1192 1441 loco
1232 1395 1489 1458 occupato
1530 1391 1893 1456 movebantur,
1936 1410 2065 1460 quo-

199 1478 365 1528 usque
403 1459 483 1511 sol
522 1477 673 1512 suum
704 1466 1098 1526 representaret
1130 1462 1354 1524 ortumk‚
1394 1467 1522 1513 tunc
1559 1479 1653 1528 per
1683 1466 1887 1515 turmas
1920 1465 2066 1515 suasl

199 1529 694 1596 proficiscebantur,
745 1536 805 1582 ut
848 1532 903 1582 in
947 1532 1123 1599 parvis
1170 1531 1491 1584 animalibus
1539 1532 1877 1599 disciplinam
1928 1534 2065 1585 mili-

197 1606 367 1653 tarem
406 1617 662 1655 cernereS.
738 1601 1012 1668 Segetibus
1050 1602 1414 1665 vescebantur,
1467 1620 1602 1669 quae
1641 1603 1708 1654 ab
1749 1605 1824 1655 eis
1864 1606 1939 1656 ita
1978 1605 2065 1656 de-

197 1677 382 1738 pastae
421 1676 559 1734 sunt,
599 1676 659 1723 ut
695 1672 880 1724 velutil
924 1673 1148 1724 inmanil
1184 1678 1503 1739 tempestate
1542 1679 1886 1741 consumptae
1922 1675 2064 1727 vide-

197 1748 397 1796 rentur.
473 1741 713 1809 Spatium
746 1743 923 1794 diurni
954 1744 1161 1795 itineris
1194 1749 1426 1811 quatuor
1454 1749 1550 1795 aut
1587 1745 1821 1813 quinque
1851 1746 2065 1798 milibus

201 1811 600 1865 extendebatur.
682 1813 1044 1865 Pervenerunt
1088 1820 1309 1866 autemm
1355 1817 1544 1882 usquel
1596 1815 1698 1866 adn
1736 1833 1882 1868 mare
1928 1817 2065 1868 Brit-

197 1883 471 1934 tannicum
504 1882 834 1949 superficiem
866 1889 1042 1936 terrae
1066 1886 1448 1951 cooperientes
1480 1886 1535 1936 in
1560 1896 1695 1953 quo0
1720 1886 1833 1938 Deo
1858 1888 2064 1939 volente

197 1952 454 2005 violentop
501 1954 800 2005 ventoruml
855 1953 1019 2006 flatuq
1068 1956 1335 2023 inpulsael
1398 1958 1582 2023 atque¹
1635 1956 1689 2007 in
1741 1957 2062 2023 profundum

198 2023 539 2091 absportatae
590 2023 885 2076 dimersaer
937 2031 1076 2078 sunt.
1180 2026 1348 2078 Aestu
1396 2044 1519 2078 vero
1578 2031 1742 2093 atque
1795 2028 2062 2080 refusione

196 2094 385 2145 oceani
421 2095 649 2146 reiectae
686 2096 872 2147 littora
910 2097 1202 2147 maritimal
1246 2097 1604 2163 repleverunt3
1646 2102 1901 2165 tantaque
1940 2116 2062 2151 con-

195 2165 366 2230 geries
412 2164 556 2217 facta
603 2170 703 2229 est,
754 2171 815 2217 ut
860 2166 958 2217 adS
994 2167 1165 2219 instar
1202 2168 1463 2219 montium
1510 2169 1812 2220 cumulatae
1852 2188 2062 2222 coacer-

194 2240 469 2287 varentur:
511 2252 574 2287 ex
605 2253 787 2287 earum
819 2236 1019 2289 foetore
1050 2255 1111 2289 ac
1142 2239 1425 2303 putredine
1456 2257 1548 2291 aer
1578 2244 1858 2307 corruptus
1892 2241 2061 2292 diram

194 2310 396 2371 pestem
433 2305 673 2358 finitimis
711 2308 996 2374 generavit,
1036 2325 1099 2360 ex
1138 2326 1243 2375 qua
1280 2310 1435 2360 multi
1471 2310 1789 2377 perieruntt.

334 2376 436 2428 Per
487 2376 629 2428 idem
681 2382 924 2443 tempusu
978 2378 1232 2431 Carolusv
1283 2380 1719 2447 Andegavensem
1781 2380 2061 2433 obsidebat

193 2445 429 2501 urbem4.
516 2448 758 2515 Denique
810 2447 1195 2514 NortmanniW‚
1246 2455 1526 2518 postquam
1576 2451 1960 2504 RuotbertumX
2010 2458 2062 2504 et

193 2516 569 2568 Ramnulfumy
621 2523 674 2570 et
718 2518 850 2570 alios
896 2521 1178 2572 nonnullos
1224 2538 1511 2588 generosae
1550 2523 1732 2588 stirpis
1769 2524 1923 2586 virOS‚
1970 2524 2060 2589 qui

191 2588 396 2653 patriae
434 2588 688 2640 terminos
727 2590 888 2640 armis
925 2590 1228 2655 tuebantur,
1268 2593 1382 2643 Deo
1422 2592 1846 2645 habitatoribusz
1882 2599 2058 2646 terrae

194 2711 228 2751 a)
252 2713 343 2745 deest
364 2714 395 2745 A
414 2716 448 2754 l;
480 2715 577 2745 misit
599 2716 630 2746 A
646 2716 677 2746 3.
724 2715 763 2756 b)
783 2715 873 2748 deest
896 2718 926 2749 A
944 2720 973 2748 1.
1021 2717 1053 2757 c)
1077 2718 1228 2757 nequiae
1252 2719 1284 2748 Β
1299 2719 1330 2749 3.
1388 2718 1424 2757 d)
1447 2719 1555 2749 latuit
1576 2720 1618 2750 A.
1673 2719 1707 2759 e)
1731 2718 2056 2751 DCCCLXXIIII.

193 2756 235 2786 A.
262 2757 293 2786 Β
310 2758 341 2787 1.
366 2758 396 2787 2.
508 2758 537 2794 f)
565 2757 747 2789 habebant
769 2759 799 2790 A
817 2762 846 2790 1.
957 2759 994 2799 g)
1024 2769 1112 2791 sona
1134 2762 1166 2790 B
1183 2761 1212 2790 3.
1324 2760 1360 2800 h)
1392 2764 1530 2792 castros
1553 2763 1583 2792 A
1602 2764 1630 2792 1.
1742 2762 1768 2801 i)
1800 2762 1955 2799 phibant
1977 2764 2009 2793 Β
2024 2764 2055 2793 3.

194 2797 234 2837 k)
259 2799 311 2829 sol
334 2799 488 2830 oriretur
509 2800 540 2831 A
556 2801 587 2831 3.
691 2800 716 2836 1)
749 2801 842 2832 deest
864 2803 894 2832 A
911 2802 942 2832 3.
1045 2804 1094 2842 m)
1125 2810 1211 2832 vero
1235 2802 1265 2833 A
1281 2804 1312 2834 3.
1416 2803 1454 2843 n)
1486 2804 1577 2834 deest
1600 2805 1641 2834 B.
1746 2806 1780 2832 o)
1803 2804 2058 2844 britannicum,

190 2840 254 2871 ubi
277 2841 307 2871 A
324 2842 355 2872 3.
451 2841 488 2881 p)
511 2842 663 2873 violenti
686 2843 717 2873 B
735 2845 769 2880 13
802 2844 948 2874 violaeti
972 2843 1003 2873 Β
1019 2844 1050 2875 2.
1147 2843 1184 2883 q)
1213 2844 1300 2875 flatu
1324 2847 1512 2876 ventorum
1535 2847 1566 2877 A
1584 2849 1612 2876 1.
1711 2846 1742 2883 r)
1767 2846 1952 2878 demersae
1977 2848 2007 2878 A
2024 2848 2053 2877 3.

190 2882 221 2920 s)
245 2882 336 2914 deest
358 2883 399 2914 A.
452 2885 480 2923 t)
504 2893 548 2915 ex
571 2893 642 2922 qua
664 2893 711 2915 m.
729 2893 762 2923 p.
789 2885 914 2917 desunt
938 2886 979 2916 A.
1041 2885 1078 2924 u)
1100 2887 1142 2918 P.
1168 2890 1311 2925 tempus
1334 2887 1428 2919 idem
1454 2888 1484 2918 A
1502 2891 1531 2919 1.
1578 2891 1615 2928 v)
1642 2888 1728 2919 Kar.
1755 2889 1784 2918 A
1802 2890 1831 2919 3.
1887 2889 1932 2925 w)
1955 2889 2056 2920 nord-

190 2933 315 2962 manni
344 2933 422 2963 Al.
454 2933 539 2970 B3;
577 2934 730 2966 northm.
765 2935 842 2966 ΒΞ.
952 2934 990 2975 x)
1027 2936 1224 2966 rotbertum
1254 2937 1284 2967 A
1302 2938 1336 2975 33
1376 2930 1466 2968 roth.
1503 2939 1582 2968 ΒΞ.
1692 2938 1730 2975 y)
1767 2938 1987 2969 ramnolsum
2009 2940 2053 2970 A.

191 2972 226 3014 z)
251 2975 474 3007 habitatores
496 2976 527 3007 A
543 2976 574 3007 3.

190 3066 232 3118 1)
273 3067 546 3110 Ludowicus
583 3067 678 3121 ipse
717 3080 818 3110 cum
856 3070 1047 3112 exercitu
1093 3074 1249 3113 contra
1287 3071 1563 3126 Adalyisum
1596 3072 1830 3126 profectus
1870 3071 2056 3126 Capuae

189 3123 398 3175 consedit,
429 3137 514 3178 quo
544 3124 827 3178 Enyelberya
858 3138 956 3168 eum
987 3131 1141 3169 secuta
1173 3133 1248 3170 est.
1365 3128 1408 3180 2)
1451 3130 1524 3171 De
1545 3128 1667 3182 faya
1699 3129 1916 3183 Adalyisi
1944 3130 2058 3172 m‘hil

188 3183 341 3221 notum
371 3185 462 3223 esc:
509 3193 564 3223 ex
596 3182 819 3224 contrario
849 3186 957 3224 tunc
985 3183 1079 3234 ille,
1118 3183 1167 3225 id
1195 3184 1313 3238 quod
1341 3189 1491 3228 noste-r
1522 3190 1678 3228 temere
1708 3188 1840 3240 quasi
1869 3199 2052 3230 cansam

191 3234 292 3276 belli
324 3248 468 3289 supra
503 3238 733 3290 narravit,
779 3250 880 3280 cum
921 3237 1109 3282 Graecis
1148 3252 1193 3283 se
1233 3241 1478 3285 coniunxit.
1548 3242 1642 3293 Quo
1673 3241 1850 3296 factum
1892 3247 1970 3295 est,
2007 3249 2058 3286 ui

189 3289 431 3342 imperator
470 3305 518 3334 re
557 3292 726 3343 infecta
767 3294 946 3337 tandem
988 3310 1029 3339 a.
1065 3297 1148 3339 873
1192 3310 1291 3339 cum
1333 3310 1380 3339 eo
1420 3310 1579 3351 pacem
1623 3312 1652 3341 a
1689 3299 1894 3342 Iohanne
1926 3312 2055 3352 papa

189 3347 469 3390 conciliatam
505 3349 649 3392 iniret.
779 3351 823 3402 3)
870 3351 1000 3394 Haec
1036 3352 1190 3396 omnia
1228 3366 1280 3395 ex
1312 3355 1432 3396 Ami.
1466 3355 1811 3398 Pramiensibus
1849 3356 2055 3409 pristinis

190 3407 370 3464 sumpta
399 3417 492 3446 esse
521 3404 750 3458 videntw·;
791 3407 850 3459 ei,
887 3409 967 3461 qui
994 3408 1058 3451 ad
1085 3422 1165 3452 nos
1196 3415 1411 3453 venerunt
1440 3410 1540 3459 (SS.
1567 3411 1674 3464 XV,
1707 3412 1775 3463 2),
1816 3413 1876 3454 ad
1907 3426 1946 3453 a.
1971 3412 2055 3454 874

191 3456 419 3502 eoehzbent:
459 3459 728 3504 locustarum
759 3462 1076 3507 inestimabilis
1107 3465 1348 3508 multitudo
1371 3468 1515 3509 totam
1545 3467 1819 3520 pervastavit
1844 3466 2052 3509 Galliam.

190 3513 266 3554 Ad
294 3526 384 3556 rem
413 3515 559 3568 ipsam
591 3516 649 3569 cf.
674 3520 910 3562 Diimmler
933 3522 1005 3573 ΙΙ,
1038 3521 1121 3565 369
1145 3535 1206 3577 sq.
1324 3523 1366 3573 4)
1400 3524 1635 3566 Dizmmler
1659 3525 1729 3575 II,
1761 3525 1840 3567 361
1867 3536 1929 3577 sq.

2087 846 2198 885 (Anu.
2217 848 2367 888 Prum)
