2491 3724
91 280 185 310 Ann.
212 278 320 308 Laur.

66 2529 179 2570 (Anu.
198 2528 336 2568 Prum.)

347 146 400 187 72
801 139 1130 185 REGINONIS
1163 138 1527 183 CHRONICON.
1587 139 1640 182 A.
1666 142 1762 185 813.

346 270 589 319 dicebatur,
622 268 885 311 Walonema
907 268 1049 309 filium
1082 265 1330 308 Bernardib
1362 266 1578 319 patruelis
1612 266 1680 308 sui
1712 280 1809 309 cum
1842 266 1921 309 illo
1953 279 2045 308 esse
2076 266 2219 316 iussit,

346 340 569 382 quousque
592 333 766 368 rerum0
791 327 970 367 eventus
995 322 1279 365 securitatem
1303 323 1413 364 suis
1437 322 1674 365 adferretd.
1734 323 1854 365 Haec
1878 323 2031 365 classis
2053 323 2219 376 partim

346 386 392 427 in
424 382 665 431 Corsicam,
709 381 875 434 partim
912 381 960 422 in
997 377 1253 421 Sardiniam
1289 379 1426 426 venit,
1466 381 1512 421 et
1550 391 1600 420 ea
1638 378 1817 433 quidem
1855 393 1971 432 pars,
2011 393 2123 434 quae
2165 379 2222 421 ad

347 439 599 483 Sardiniam
629 438 801 486 venit,
832 450 942 489 pene
966 435 1142 478 deletae
1167 437 1245 477 est.
1301 432 1464 476 Classis
1490 434 1900 477 Nortmannorumf
1925 435 2222 478 Hiberniam&

346 497 538 540 insulam
565 507 787 549 aggressa,
820 493 1136 546 commissoque
1169 504 1266 533 cum
1291 490 1489 533 Scottish
1519 491 1661 544 prelio
1693 491 1876 533 multii
1897 504 1954 533 ex
1978 492 2054 534 eis
2084 492 2221 534 inter-

347 553 513 602 fectik,
555 551 723 593 ceteri
762 549 891 603 fuga
929 549 1073 602 lapsi
1111 549 1248 589 sunt.
1316 546 1355 588 A
1387 546 1640 590 Grimaldol
1672 546 1779 589 duce
1811 548 2221 591 Beneventanorum

349 609 471 652 XXV
494 608 621 650 milia
653 606 891 649 solidorum
923 606 1019 648 auri
1056 618 1148 658 pro
1178 603 1357 646 tributo
1395 603 1718 657 imperatori
1750 603 1897 646 soluta
1929 606 2065 646 sunt.
2126 605 2222 646 Eo-

349 666 463 708 dem
502 678 636 707 anno
675 662 894 716 expeditio
932 661 1053 704 facta
1092 663 1172 703 est
1211 661 1264 702 in
1295 659 1526 709 Wilzosm,
1567 663 1613 702 et
1644 660 1698 702 ab
1732 660 1793 702 eis
1833 659 2006 702 obsides
2039 661 2223 713 accepti.

353 720 618 765 Herioldusn
657 723 702 762 et
739 717 1024 773 Reginfridus
1063 731 1189 773 reges
1229 716 1455 758 Danorum
1493 716 1628 758 missa
1667 716 1724 759 ad
1754 716 2070 770 imperatorem
2102 716 2224 771 lega-

348 780 467 821 tione
498 790 650 831 pacem
681 778 842 830 petunt
873 777 919 817 et
947 775 1160 816 fratremO
1193 787 1320 815 suum
1352 773 1673 827 Hemmingum
1713 772 1799 815 sibi
1837 773 2011 816 remitti
2049 776 2222 827 rogant.

349 835 442 877 Hoc
473 848 585 876 anno
617 832 682 874 Id.
708 832 812 874 Mai.
844 834 943 884 post
973 830 1205 873 meridiem
1238 829 1342 872 solis
1375 829 1551 883 eclipsis
1583 829 1682 872 fuit.

493 903 640 945 Anno
684 902 917 944 dominic
929 914 986 944 ae
1029 901 1113 943 inc
1125 914 1219 943 arn
1230 900 1432 943 ationis
1471 898 1750 943 DCCCXIII.
1797 899 2040 953 imperator
2084 897 2226 954 Aquis

348 962 466 1003 hiem
473 960 565 1002 avit
586 961 630 1001 et
649 958 890 1011 incipiente
914 971 988 1000 ver
998 971 1025 999 n
1037 971 1061 999 a
1070 957 1112 999 li
1135 957 1349 1010 temperie
1360 964 1381 994 Ρ
1397 956 1709 999 Hamalarium
1726 955 1752 1005 ¹,
1778 970 1805 1011 q
1815 957 1868 998 ui
1891 956 2068 1009 episcop
2079 969 2103 997 a
2112 958 2170 997 tu
2182 969 2225 997 m

351 1018 660 1060 Treverensem
697 1017 718 1056 t
729 1027 749 1056 e
759 1028 786 1056 n
799 1028 820 1057 e
830 1014 857 1056 b
870 1028 894 1056 a
903 1017 943 1062 t,
983 1016 1028 1056 et
1058 1013 1243 1056 Petrum
1282 1012 1492 1055 abbatem
1531 1027 1631 1055 mon
1638 1013 1792 1055 asterii
1831 1012 1884 1056 de
1914 1012 2012 1055 Non
2019 1012 2195 1055 antulas
2206 1021 2227 1050 q

349 1076 528 1128 propter
567 1085 722 1124 pacem
765 1084 863 1113 cuni
904 1070 1152 1113 Michahele
1165 1078 1182 1099 r
1224 1068 1569 1112 confirmandam
1612 1068 2045 1123 Constantinopolim
2087 1069 2224 1110 misit.

351 1131 414 1173 Ac
457 1128 613 1171 deinde
645 1127 800 1170 habito
816 1136 832 1156 S
874 1127 1073 1180 generali
1105 1129 1332 1174 conventm
1376 1128 1605 1168 evocatum
1614 1128 1629 1155 t
1671 1125 1726 1168 ad
1737 1134 1759 1155 11
1790 1139 1835 1168 se
1873 1125 1901 1167 d
1912 1139 1933 1167 e
1973 1124 2193 1180 Aquitani
2204 1139 2229 1167 a

351 1186 634 1230 Ludowicum
643 1193 667 1213 v
711 1183 855 1226 filium
871 1216 880 1233 ‚
935 1197 1138 1225 coronam
1147 1192 1178 1212 w
1223 1182 1294 1225 illi
1339 1182 1586 1235 imperialis
1640 1181 1668 1224 d
1678 1183 1694 1224 i
1704 1195 1733 1235 g
1742 1183 1796 1224 ni
1808 1184 1826 1224 t
1836 1196 1861 1224 a
1870 1182 1944 1224 tis
1990 1182 2204 1235 imposuit
2217 1197 2226 1230 ;

351 1245 464 1286 Bern
471 1241 625 1285 ardum
641 1250 664 1271 X
695 1243 901 1294 nepotem
932 1253 1058 1282 suum
1088 1239 1253 1282 ltaliae
1284 1238 1471 1292 prefecit
1509 1252 1661 1293 regem
1672 1253 1700 1294 q
1709 1252 1737 1281 u
1748 1252 1768 1281 e
1779 1247 1803 1275 δ’
1835 1238 2053 1292 appellari
2084 1238 2227 1280 iussit.

352 1299 551 1344 Concilia
590 1310 759 1353 quoque
797 1298 917 1339 iussu
957 1297 1047 1340 eius
1085 1310 1215 1350 super
1252 1298 1376 1338 statu
1415 1296 1698 1338 ecclesiarum
1738 1309 1816 1349 per
1854 1298 1997 1338 totam
2030 1293 2230 1338 Galliam

354 1358 407 1400 ab
447 1355 659 1409 episcopis
698 1353 921 1396 celebrata
959 1355 1074 1403 sunt,
1114 1366 1298 1408 quorum
1328 1366 1465 1394 unum
1495 1352 1753 1407 Mogontiae
1763 1361 1795 1402 Ζ,
1840 1352 2032 1395 alterum
2061 1351 2226 1399 Remis,

352 1414 538 1457 tertium
579 1411 763 1453 Turonis
773 1418 804 1461 a,
845 1412 1052 1466 quartum
1084 1408 1328 1453 Cabillonis
1338 1409 1374 1459 b,
1416 1410 1624 1465 quintum
1656 1408 1814 1452 Arelat
1824 1422 1844 1451 e
1858 1417 1876 1438 c
1908 1410 2230 1463 congregatum

355 1474 434 1520 est,
479 1471 523 1512 et
560 1468 848 1510 constitution
859 1481 880 1510 e
891 1481 930 1517 S,
974 1480 1084 1522 quae
1126 1467 1174 1509 in
1213 1465 1403 1521 singulis
1445 1465 1590 1509 factae
1630 1468 1745 1515 sunt,
1795 1479 1819 1508 a
1828 1465 1856 1508 b
1896 1465 1965 1507 im
1974 1479 2003 1519 p
2014 1478 2035 1507 e
2046 1479 2067 1507 r
2079 1478 2103 1507 a
2113 1467 2133 1508 t
2143 1479 2166 1508 0
2176 1479 2198 1507 r
2208 1478 2230 1508 e

356 1541 375 1569 c
388 1542 410 1570 o
420 1541 448 1569 n
458 1526 479 1567 f
483 1527 498 1568 i
508 1540 529 1567 r
539 1539 581 1567 m
593 1539 618 1567 a
628 1528 646 1567 t
658 1538 682 1566 a
693 1537 714 1566 e
754 1538 771 1565 s
782 1538 809 1565 u
819 1538 847 1566 n
858 1526 895 1573 t;
937 1537 1044 1579 quas
1077 1524 1152 1578 qui
1183 1536 1306 1565 nosse
1338 1522 1549 1572 voluerit,
1589 1523 1636 1565 in
1667 1522 1935 1576 supradictis
1969 1521 2232 1565 civitatibus

354 1583 551 1626 invenire
596 1581 776 1635 poterit,
823 1593 1091 1636 quamquam
1138 1582 1183 1623 et
1228 1593 1249 1622 e
1261 1593 1284 1621 a
1294 1593 1352 1621 ru
1362 1592 1405 1620 m
1452 1579 1721 1633 exemplaria
1763 1579 1810 1621 in
1853 1579 2029 1622 archivo
2069 1578 2233 1633 palatii

354 1640 604 1683 habeantur
613 1638 646 1680 d.

499 1695 534 1736 E
545 1709 567 1737 o
578 1694 604 1736 d
615 1708 636 1736 e
646 1708 690 1736 m
728 1696 747 1735 t
759 1706 780 1735 e
790 1707 832 1734 m
843 1707 871 1746 p
882 1706 905 1735 o
916 1707 936 1734 r
946 1706 967 1735 e
1005 1692 1131 1734 missi
1161 1694 1265 1734 sunt
1296 1694 1419 1734 trans
1453 1692 1636 1734 Albiam
1675 1691 1856 1747 quidam
1888 1691 2156 1734 Francorum
2189 1693 2235 1733 et

358 1753 574 1796 Saxonum
613 1765 641 1804 p
651 1765 672 1792 1·
682 1765 705 1793 o
715 1764 735 1792 c
746 1763 767 1792 e
777 1764 798 1791 r
809 1763 830 1792 e
841 1764 859 1791 s
899 1749 955 1791 ad
994 1751 1014 1791 t
1024 1763 1045 1791 e
1055 1763 1076 1791 r
1086 1763 1130 1790 m
1140 1749 1194 1791 in
1205 1763 1227 1791 o
1237 1763 1256 1790 s
1287 1748 1665 1790 Nortmannorum
1677 1757 1708 1798 e,
1749 1749 1825 1803 qui
1855 1761 2010 1802 pacem
2042 1761 2138 1790 cum
2172 1748 2234 1790 eis

357 1808 594 1852 secundum
619 1807 882 1860 petitionem
907 1806 960 1859 ip
971 1819 989 1847 s
1000 1820 1023 1848 o
1033 1820 1054 1847 r
1064 1819 1092 1847 u
1102 1819 1146 1847 m
1169 1805 1366 1847 facerent
1391 1808 1436 1847 et
1459 1804 1644 1847 fratrem
1668 1819 1689 1846 r
1700 1818 1721 1847 e
1732 1818 1798 1859 gu
1807 1818 1852 1846 m
1876 1818 1898 1847 e
1910 1805 1954 1847 is
1979 1803 2213 1847 redderent
2224 1821 2234 1854 ;

357 1864 621 1909 iuramentis
659 1864 847 1918 itaque
881 1876 937 1905 ex
967 1865 1184 1917 utraque
1223 1864 1379 1915 parte
1412 1860 1439 1902 d
1451 1862 1558 1904 atis
1589 1875 1673 1915 pax
1703 1861 1882 1904 firmata
1914 1863 2007 1904 est.
2069 1860 2237 1903 Tamen

359 1937 379 1965 e
392 1937 416 1965 a
446 1925 594 1974 tempe
606 1935 623 1962 s
633 1923 653 1963 t
663 1923 747 1962 ate
780 1933 832 1962 re
843 1932 872 1974 g
882 1933 903 1961 e
914 1933 932 1960 s
965 1919 1082 1962 domi
1107 1933 1194 1962 non
1218 1920 1356 1968 erant,
1390 1917 1466 1960 sed
1491 1917 1546 1960 ad
1570 1918 1696 1961 West
1707 1931 1727 1961 e
1737 1932 1759 1960 r
1769 1917 1874 1961 salt
1886 1917 1900 1948 f
1917 1916 1951 1948 ‚2
1988 1931 2086 1960 cum
2118 1931 2236 1960 exer-

359 1981 449 2022 citu
479 1993 508 2033 p
519 1993 539 2021 e
550 1992 571 2020 r
581 1992 602 2020 r
612 1992 633 2020 e
644 1991 669 2020 x
679 1990 700 2019 e
710 1991 731 2018 r
742 1979 833 2019 ant
844 2009 853 2025 ,
887 1989 997 2031 quae
1028 1976 1152 2030 regio
1182 1976 1345 2017 ultima
1375 1975 1503 2030 regni
1533 1975 1733 2017 illorum
1766 1988 1788 2018 e
1798 1989 1820 2017 r
1830 1977 1884 2017 at
1914 1975 2032 2018 inter
2062 1977 2236 2028 septen-

358 2037 547 2079 trionem
580 2037 624 2077 et
657 2033 932 2076 occidentem
964 2033 1066 2083 sita,
1110 2034 1263 2075 contra
1272 2040 1294 2070 g
1320 2032 1572 2088 aquilonem
1604 2032 1890 2074 Brittanniae
1929 2032 2236 2074 summitatem

358 2091 594 2147 respicith;
628 2091 748 2133 cuius
773 2089 996 2143 principes
1021 2104 1070 2132 ac
1094 2089 1280 2143 populus
1312 2103 1333 2132 e
1344 2102 1488 2132 orum
1521 2088 1548 2131 d
1559 2089 1944 2132 ominationem
1976 2087 2003 2130 d
2014 2101 2035 2130 e
2046 2087 2236 2143 digna-

359 2150 386 2192 b
400 2163 459 2192 an
471 2152 490 2191 t
500 2163 529 2191 u
539 2163 570 2190 r.
641 2146 808 2199 Quibus
846 2146 1108 2200 perdomitis
1147 2160 1244 2188 cum
1284 2146 1454 2188 reversi
1493 2159 1515 2188 e
1525 2160 1543 2188 s
1555 2160 1573 2187 s
1586 2148 1674 2188 ent
1713 2147 1758 2188 et
1787 2145 1973 2188 fratrem
2012 2145 2067 2187 ab
2099 2145 2236 2198 impe-

359 2209 504 2248 ratore
529 2205 713 2248 missum
739 2204 1019 2257 recepissent,
1050 2203 1135 2246 filii
1160 2201 1392 2245 Godefridi
1415 2202 1534 2256 regis
1561 2205 1605 2245 et
1635 2217 1721 2245 non
1731 2217 1759 2245 n
1768 2203 1821 2244 ul
1831 2202 1872 2244 11
1897 2215 1947 2244 ex
1969 2201 2238 2255 primoribus

360 2263 585 2304 Danorum
598 2295 607 2311 ‚
651 2261 727 2316 qui
757 2260 847 2302 iam
879 2259 1043 2302 dudum
1074 2260 1234 2302 relicta
1265 2259 1415 2312 patria
1454 2258 1571 2312 apud
1605 2258 1819 2302 Sueonesi
1857 2258 2108 2307 exulabant,
2149 2272 2174 2300 a
2185 2257 2212 2300 d
2222 2280 2237 2287 -

359 2322 379 2361 t
391 2333 445 2361 ra
457 2332 476 2360 c
487 2319 560 2361 tis
570 2318 595 2347 k
632 2332 691 2360 un
701 2317 846 2372 dique
886 2317 1021 2370 copiis
1059 2316 1230 2359 bellum
1269 2316 1330 2357 eis
1359 2316 1620 2358 ‚intulerunt
1658 2318 1703 2358 et
1740 2315 2058 2358 confluentibus
2098 2314 2154 2357 ad
2191 2327 2236 2357 se

362 2376 527 2429 passim
567 2388 618 2417 ex
654 2375 774 2417 omni
811 2373 910 2415 Dan
917 2387 1039 2416 orum
1077 2375 1196 2415 terra
1238 2372 1406 2425 populo
1417 2386 1438 2414 r
1449 2386 1475 2414 u
1484 2386 1528 2414 m
1572 2372 1732 2414 turmis
1772 2372 2001 2415 commisso
2039 2385 2136 2414 cum
2176 2371 2237 2414 eis

360 2432 514 2486 prelio,
547 2445 568 2474 e
580 2446 603 2474 o
613 2445 631 2473 s
663 2444 798 2485 regno
828 2444 857 2484 p
869 2444 893 2472 a
902 2434 922 2472 t
933 2444 954 2473 e
965 2444 986 2472 r
995 2445 1021 2473 n
1033 2444 1055 2473 o
1087 2444 1109 2472 e
1119 2444 1143 2472 x
1153 2429 1374 2483 pulerunt.

507 2500 730 2552 Eodeml
768 2516 909 2551 anno
949 2505 1130 2550 Carolus
1170 2506 1414 2561 imperator
1451 2506 1565 2550 obiit
1606 2502 1659 2549 et
1705 2498 1871 2564 Aquis
1917 2498 1973 2548 in
2010 2496 2239 2549 basilica

359 2573 535 2623 sancti
596 2570 888 2622 Salvatoris
950 2577 1003 2621 et
1063 2574 1280 2620 sanctae
1340 2568 1425 2620 dei
1485 2569 1757 2635 genitricis
1811 2568 2016 2620 Mariae
2077 2567 2239 2619 hono-

358 2641 505 2694 rifice
551 2642 791 2708 sepultus
838 2645 942 2704 est3
994 2657 1155 2708 quam
1200 2639 1480 2691 basilicam
1526 2640 1640 2707 ipse
1687 2638 1910 2691 mirifico
1958 2655 2118 2705 opere
2163 2647 2240 2690 am

360 2713 707 2765 fundamento
747 2710 1057 2763 aedificarin
1094 2711 1235 2763 fecit.
1312 2717 1600 2761 Ludowicuso
1637 2717 1754 2761 filius
1793 2718 1884 2760 eius
1922 2716 2240 2772 imperialia

362 2788 578 2839 sceptra
617 2785 870 2838 suscepit

360 2896 396 2935 a)
420 2897 628 2926 uuallonem
653 2896 684 2926 A
703 2898 732 2927 1.
759 2896 790 2926 Β
807 2896 838 2926 2.
864 2896 896 2926 3.
985 2893 1023 2934 b)
1045 2894 1175 2925 bernh.
1200 2894 1232 2924 A
1250 2895 1280 2925 2.
1304 2894 1334 2925 3.
1426 2892 1459 2932 c)
1482 2901 1585 2924 reum
1607 2892 1638 2923 A
1657 2895 1686 2924 1.
1769 2892 1806 2930 d)
1831 2891 1977 2923 afferret
1999 2891 2041 2923 A.
2125 2889 2161 2930 e)
2182 2890 2239 2922 de-

360 2939 434 2969 lata
458 2940 489 2969 B
507 2941 536 2968 2.
627 2938 657 2977 f)
686 2939 728 2969 N.
755 2938 886 2969 classis
909 2936 957 2975 A;
990 2937 1157 2969 Nordem.
1180 2937 1210 2966 A
1228 2939 1262 2975 13
1295 2937 1415 2967 Norm.
1441 2935 1472 2966 A
1488 2937 1519 2967 2.
1609 2934 1646 2975 g)
1677 2935 1862 2966 hibeniam
1884 2935 1916 2965 Β
1933 2936 1964 2965 2.
2055 2932 2096 2972 h)
2129 2935 2239 2964 scotis

360 2980 390 3011 A
409 2983 438 3012 1.
464 2982 495 3011 Β
519 2985 544 3011 1.
570 2982 600 3012 3.
704 2981 731 3017 i)
768 2981 893 3011 multis
917 2981 948 3010 B
966 2981 996 3010 2.
1101 2980 1141 3017 k)
1182 2979 1349 3010 interfeci
1382 2979 1413 3009 Β
1430 2980 1460 3009 2.
1564 2977 1592 3018 1)
1631 2978 1796 3017 grimallo
1819 2977 1851 3008 A
1868 2979 1903 3016 13
1939 2975 2138 3014 grimoaldo
2161 2975 2193 3006 A
2209 2976 2239 3006 3.

361 3022 411 3062 m)
442 3025 570 3054 uulzos
593 3023 623 3054 A
640 3025 671 3054 2.
697 3024 728 3054 Β
745 3024 781 3061 3;
815 3023 955 3053 uiulzos
981 3023 1013 3053 B
1031 3024 1060 3052 1.
1164 3022 1202 3060 n)
1235 3022 1339 3052 herib
1364 3022 1395 3051 Β
1411 3022 1441 3052 3.
1541 3020 1575 3058 0)
1609 3020 1748 3051 sremen
1771 3021 1803 3050 Β
1819 3020 1853 3050 2.
1939 3019 1976 3057 p)
2007 3021 2171 3057 tempore
2194 3018 2238 3048 A.

361 3067 396 3104 q)
420 3069 624 3096 nonantuas
648 3066 679 3096 A
696 3068 732 3104 2;
768 3065 979 3096 nonantulis
1003 3065 1032 3095 A
1050 3065 1086 3101 33
1119 3064 1317 3094 nonantula
1342 3064 1373 3094 B
1392 3065 1421 3094 1.
1491 3060 1522 3102 r)
1546 3063 1720 3093 michaele
1742 3063 1773 3094 A
1789 3063 1820 3092 2.
1845 3062 1876 3092 3.
1903 3061 1935 3090 B
1950 3062 1982 3092 3.
2061 3060 2091 3099 s)
2113 3059 2239 3090 habitu

361 3109 391 3138 A
410 3110 438 3138 1.
465 3109 496 3138 Β
516 3111 542 3141 1.
566 3110 598 3139 2.
677 3107 706 3147 t)
730 3112 882 3138 evocato
907 3109 935 3138 A
955 3109 987 3138 2.
1068 3106 1105 3145 u)
1129 3106 1172 3136 ad
1196 3108 1227 3137 B
1246 3109 1274 3140 1.
1350 3106 1390 3144 v)
1414 3104 1608 3136 ludouuico
1633 3103 1707 3136 filio
1731 3104 1763 3134 A
1780 3107 1813 3134 1.
1837 3104 1873 3141 2;
1907 3102 2141 3133 lodouuicum
2163 3101 2195 3132 A
2210 3104 2240 3134 3.

361 3155 406 3185 w)
431 3159 596 3180 coronam
613 3151 778 3181 -iussit
803 3160 843 3181 er
866 3149 998 3180 Ekkeh.
1024 3150 1168 3180 mutavit
1191 3149 1221 3179 A
1238 3150 1270 3180 3.
1324 3149 1361 3186 x)
1386 3147 1635 3178 bernhardum
1658 3147 1688 3178 A
1707 3149 1737 3177 1.
1763 3146 1795 3176 Β
1813 3148 1842 3176 1.
1899 3145 1938 3182 y)
1962 3152 2083 3180 regem
2106 3145 2138 3175 B
2158 3146 2187 3174 1.
2206 3145 2239 3175 2.

362 3192 400 3229 z)
438 3194 642 3231 megentiae
674 3194 705 3223 Β
724 3195 758 3227 1:
790 3193 972 3230 mogontia
1002 3192 1082 3222 Β2.
1107 3191 1142 3221 3.
1247 3190 1283 3230 a)
1319 3190 1451 3220 tironis
1483 3190 1564 3219 Β2.
1674 3189 1712 3227 b)
1752 3187 1950 3218 caballonis
1981 3187 2060 3218 Al.
2098 3187 2178 3217 Bl.
2202 3187 2239 3224 2;

363 3235 540 3266 cabilonis
564 3234 595 3265 A
611 3236 642 3265 2.
750 3235 782 3269 c)
815 3235 989 3264 arelatum
1014 3234 1058 3264 B.
1166 3232 1202 3271 d)
1232 3233 1434 3263 hebeantur
1457 3231 1489 3261 Β
1506 3234 1536 3261 1.
1640 3230 1675 3270 e)
1705 3239 1818 3260 norm.
1844 3229 1875 3260 A
1891 3230 1921 3260 2.
2025 3228 2053 3265 f)
2084 3232 2243 3259 uuester-

363 3277 456 3307 falth
482 3278 511 3307 A
530 3278 560 3307 2.
651 3275 686 3314 g)
710 3280 744 3306 et
768 3279 891 3306 contra
915 3277 946 3306 B
963 3277 994 3307 3.
1077 3274 1118 3311 h)
1142 3276 1303 3313 respexit
1326 3274 1356 3304 A
1374 3276 1403 3305 1.
1487 3273 1514 3312 i)
1538 3272 1763 3304 suessionem
1786 3273 1816 3303 A
1833 3273 1864 3303 2.
1947 3270 1986 3307 k)
2009 3271 2172 3302 attractis
2195 3271 2240 3302 A.

361 3319 628 3402 ἑ))ιξ·31(ι)1(ὲειιέ11-
654 3319 784 3349 melius
818 3322 853 3349 et
884 3319 1102 3356 proferimus
1135 3316 1258 3348 desunt
1288 3317 1364 3348 A3.
1490 3324 1539 3354 m)
1578 3315 1668 3346 deest
1698 3316 1777 3346 Β2.
1900 3313 1939 3354 n)
1977 3311 2167 3344 aedificare
2196 3312 2241 3344 A.

365 3458 407 3511 1)
441 3459 750 3502 Amalharium
785 3460 905 3502 Ann.
930 3461 1075 3502 Laur.
1193 3458 1236 3509 2)
1271 3454 1616 3499 Westarfoldam
1649 3456 1769 3498 Ann.
1794 3455 1939 3498 Laur.
