2491 3724
785 160 1112 205 REGINONIS
1145 159 1503 206 CHRONICON.
2009 164 2073 206 IX

349 287 396 337 4.
458 287 647 338 bullam
671 306 846 356 papae
879 289 1092 340 Nicolai
1122 289 1239 343 866.
1273 286 1386 341 Iun.
1424 287 1502 340 13.
1546 288 1740 352 datam,
1772 307 1872 355 qua
1904 288 2074 339 Wald-

207 371 346 422 rada
383 373 912 438 eoecommunicaturl,·

348 457 397 509 5,
458 457 732 525 epistulam
766 476 936 525 papae
974 457 1188 508 Nicolai
1225 458 1296 508 ad
1334 476 1499 526 reqem
1537 456 1841 508 Lotharium
1879 476 1927 508 a.
1955 457 2072 511 867.

207 542 414 593 missam
432 540 482 606 2,·

350 628 395 679 6.
458 626 727 694 epistulam
779 625 916 694 reqis
968 624 1209 676 Lotharii
1258 626 1328 676 ad
1377 645 1573 694 papam
1627 625 1963 677 Hadrianum
2001 626 2074 678 II.

208 730 255 764 a.
289 711 404 765 868.
445 708 718 774 missam3,·

350 799 395 848 7.
458 793 729 863 epistulam
765 811 937 861 papae
975 792 1190 844 Nicolai
1226 794 1297 844 ad
1333 797 1593 864 episcopos
1629 796 1777 864 reyni
1815 795 2079 848 Ludowici

209 881 325 932 867.
374 878 477 929 Oct.
513 879 594 930 31.
637 876 880 943 datam4,·
926 877 1157 945 fortasse
1195 880 1349 930 etiam

351 964 397 1015 8.
459 962 730 1031 epistulam
782 962 1042 1030 quandam
1105 963 1422 1033 Thietqaudi
1473 972 1517 1016 et
1573 965 1859 1016 Guntharii
1910 966 2076 1016 archi-

206 1049 558 1118 episcoporum
618 1047 961 1115 depositorum
1021 1066 1068 1101 a.
1116 1049 1233 1100 863.
1297 1051 1368 1100 ad
1426 1050 1787 1118 imperatorem
1842 1049 2078 1102 Ludowi-

206 1152 319 1184 cum
351 1133 423 1185 II.
464 1133 657 1196 datam,
698 1150 826 1199 quae
864 1150 961 1183 non
999 1133 1106 1184 iam
1145 1143 1325 1185 eocstat.

349 1217 624 1269 Praeterea
654 1218 725 1267 ad
749 1236 796 1270 a.
831 1217 932 1268 888
957 1225 1002 1268 et
1025 1218 1142 1271 889.
1184 1219 1385 1287 Regino
1409 1239 1432 1270 e
1456 1220 1647 1270 Iustini
1669 1222 1785 1288 epit.
1813 1219 1886 1284 II,
1915 1220 2068 1283 2-3,

209 1303 367 1368 XIII,
395 1307 439 1356 1.
468 1305 497 1353 52
530 1311 573 1354 et
611 1301 754 1366 XLI,
781 1303 920 1354 2-3
959 1311 1003 1354 et
1041 1321 1103 1353 θα]
1139 1303 1300 1354 Pauli
1340 1304 1568 1355 Diaconi
1605 1305 1719 1356 hist.
1754 1303 1919 1373 Lan9.
1960 1305 2003 1370 I,
2049 1309 2068 1357 1

206 1388 455 1439 nonnulla
503 1387 727 1452 attulit5,
781 1405 931 1455 quae,
987 1406 1295 1455 quamquam
1341 1390 1412 1439 ad
1452 1388 1666 1456 Scythas
1703 1396 1748 1439 et
1790 1387 2078 1439 Germanos

206 1480 446 1541 spectant,
487 1480 654 1522 tamen
692 1471 763 1522 ad
812 1471 1045 1540 Unyaros
1083 1473 1345 1524 convenire
1384 1474 1432 1524 ei
1467 1473 1789 1526 videbantur.

347 1555 464 1607 Hac
502 1556 700 1607 testium
741 1556 1038 1625 locupletum
1074 1558 1296 1625 penuria
1334 1558 1462 1608 satis
1493 1557 1806 1622 declaratur,
1845 1557 2007 1608 multa
2046 1577 2079 1608 a

207 1643 494 1711 Reyinone,
545 1660 659 1692 cum
702 1642 890 1709 paucis
939 1643 1092 1693 annis
1142 1651 1187 1693 et
1233 1660 1335 1693 uno
1374 1643 1523 1711 quasi
1567 1641 1770 1694 tenore6
1808 1662 1932 1712 opus
1967 1662 2079 1711 per-

192 1727 387 1795 ficeret,
431 1744 491 1777 esc
529 1726 750 1777 arbitrio
789 1726 943 1776 annis
988 1745 1088 1777 non
1126 1727 1232 1778 suis
1268 1728 1548 1796 adsiynata
1587 1747 1688 1779 esse
1725 1729 1932 1796 ideoque
1970 1747 2079 1779 eum

207 1813 278 1862 ad
315 1830 429 1862 suos
459 1810 580 1878 fere
617 1830 773 1878 usque
811 1811 921 1862 dies
965 1819 1246 1880 temporum
1286 1812 1518 1864 ordinem
1555 1813 1684 1864 mire
1721 1813 1998 1882 neyleoeisse
2037 1821 2081 1863 et

208 1894 549 1963 confudisse7.

356 1980 581 2032 Ceterum
618 1980 678 2031 de
719 1980 958 2031 laudibus
1001 1981 1150 2032 huius
1177 1982 1406 2033 chronici
1436 1982 1570 2051 conf.
1603 1983 1898 2034 Dummleri
1929 2001 2080 2051 prae-

197 2065 458 2134 fationem
496 2066 568 2116 ad
605 2067 883 2117 versionem
921 2066 1028 2117 eius
1066 2067 1392 2131 thiudiscam,
1430 2068 1652 2119 eiusdem
1691 2067 1878 2136 ‘Ostfon
1906 2067 2082 2118 Reich'

207 2149 320 2215 III,
359 2153 488 2215 657,
527 2150 768 2201 Ermiscli
806 2150 837 2201 l.
866 2150 897 2200 l.
939 2151 1139 2214 6—13,
1187 2151 1512 2203 Wattenbacli
1549 2153 1944 2204 ‘Deutsclzlands
1986 2150 2081 2202 Ge-

208 2236 635 2304 schiclztsquellen'
691 2236 765 2300 5I,
808 2236 1124 2298 243-246,
1178 2236 1356 2304 quibus
1393 2255 1480 2306 690
1529 2237 1663 2288 nihil
1715 2237 1893 2301 liabeo,
1947 2236 2081 2304 quod

207 2321 417 2372 addam.

354 2406 796 2458 Continuationem
827 2406 1130 2474 Reyirzonis,
1161 2425 1290 2475 quae
1323 2406 1384 2457 ab
1416 2425 1463 2457 a.
1498 2408 1616 2460 907.
1647 2425 1799 2475 usque
1831 2406 1901 2457 ad
1919 2403 2078 2473 finem

208 2509 254 2541 a.
287 2491 403 2542 967.
430 2491 743 2559 porriyitur,
778 2509 812 2541 a
842 2491 1097 2562 WOQQZQ
1115 2492 1334 2561 quodam
1361 2491 1415 2545 S.
1440 2493 1732 2544 Maximini
1764 2490 2082 2543 Treverensis

209 2576 548 2644 conscriptam
587 2594 688 2627 esse
725 2576 834 2626 iam
864 2575 1014 2627 Pertz
1053 2576 1109 2626 in
1145 2576 1475 2644 praefatione
1505 2577 1747 2628 editionis
1777 2595 1897 2627 suae
1929 2585 2082 2627 osten-

209 2660 311 2725 dit,
357 2678 466 2709 cum
505 2667 683 2710 auctor
720 2678 800 2710 res
837 2660 983 2711 illius
1019 2662 1321 2713 monasterii
1363 2661 1463 2712 sibi
1501 2680 1653 2712 curae
1691 2680 1791 2713 esse
1837 2662 1965 2712 satis
2002 2661 2081 2711 de-

209 2753 448 2796 monstret
491 2752 534 2795 et
579 2743 854 2816 Adalberti
896 2746 1132 2796 monachi
1178 2745 1499 2798 Treverensis
1531 2746 1913 2815 familiaritate
1961 2764 2082 2795 usus

209 2849 310 2881 esse
360 2830 606 2881 videatur.
683 2830 860 2898 Ipsum
909 2848 1024 2880 vero
1076 2829 1414 2881 Adalbertum
1458 2831 1628 2894 illum,
1679 2831 1770 2900 qui
1821 2848 1970 2898 usque
2009 2830 2080 2879 ad

210 2933 257 2965 a.
294 2916 413 2967 961.
463 2915 735 2965 monachus
788 2912 841 2966 S.
874 2914 1166 2966 Maaeimini
1201 2915 1337 2982 fuit,
1391 2934 1438 2967 a.
1473 2915 1591 2968 961.
1643 2916 1908 2983 episcopus
1947 2916 2080 2965 Rus-

210 3018 382 3050 sorum
437 2999 708 3050 ordinatus
760 3008 853 3064 est,
902 3000 1063 3067 paulo
1113 3009 1227 3068 post
1278 3019 1505 3052 reversus
1558 3020 1604 3054 a.
1643 3001 1761 3053 966.
1818 3000 2081 3051 abbatiam

211 3127 254 3181 1)
286 3128 447 3170 Mansi
469 3127 574 3180 XV,
605 3127 844 3171 380-382.
961 3129 1004 3179 2)
1037 3130 1198 3173 Mansi
1222 3131 1328 3183 XV,
1360 3130 1598 3174 321—324.
1714 3129 1757 3182 3)
1789 3130 1952 3173 fllctnsi
1975 3130 2079 3182 XV,

209 3198 449 3241 831—832.
563 3197 607 3250 4)
641 3198 803 3241 Mansi
826 3198 935 3252 XV,
966 3201 1204 3244 333-342.
1321 3200 1364 3252 5)
1399 3199 1467 3252 Cf.
1500 3201 1555 3244 F.
1582 3201 1704 3244 Rom
1741 3201 1842 3244 ‘Die
1877 3200 2077 3243 Verbrez'-

211 3271 320 3320 tuny
343 3268 421 3311 des
445 3258 650 3313 Iustinus
673 3269 735 3311 im
758 3269 1051 3322 Mittelalter',
1074 3270 1263 3325 Leipzig]
1287 3272 1411 3324 1871,
1429 3284 1478 3326 p.
1503 3271 1682 3314 12-14.
1786 3271 1829 3323 6)
1862 3270 1929 3322 Cf.
1953 3271 2079 3322 infra

213 3351 356 3381 annos
378 3338 461 3382 818
481 3352 528 3393 p.
547 3339 614 3393 73,
645 3340 728 3384 866
746 3354 794 3394 p.
810 3342 879 3390 90,
911 3342 994 3384 868
1013 3354 1060 3395 p.
1078 3341 1146 3393 94,
1178 3342 1332 3396 87522.
1361 3342 1456 3394 110,
1495 3343 1579 3385 880
1596 3355 1644 3396 p.
1671 3342 1766 3395 117,
1798 3343 1881 3385 888
1906 3354 1954 3395 p.
1980 3342 2076 3393 130,

212 3407 295 3449 892
321 3420 367 3460 p.
392 3408 487 3450 139.
602 3408 645 3460 7)
677 3411 749 3453 De
771 3424 862 3465 qua
891 3424 938 3454 re
968 3410 1024 3462 cf.
1051 3413 1105 3454 P.
1129 3411 1307 3463 Scthe,
1339 3412 1441 3454 ‘Die
1465 3411 1658 3456 Chronik
1682 3413 1757 3455 des
1781 3412 1950 3467 Regino
1982 3423 2075 3452 vom

213 3477 357 3520 Jahre
387 3478 471 3521 813
503 3479 590 3533 an',
622 3481 758 3524 Halle
790 3483 900 3525 1888
929 3482 1224 3533 (Dissertatio
1252 3483 1500 3538 inausum).
