2491 3724
770 158 1096 203 REGINONIS
1126 154 1485 201 CHRONICON.
1973 155 2053 199 XV

188 292 386 341 demum
429 307 619 358 maqna
665 287 943 355 diliqentia
989 285 1259 335 editionem
1297 302 1359 333 ex
1397 282 1599 346 Adone,
1650 281 1839 345 Paulo,
1880 282 2054 331 Anna-

189 375 320 424 libus
365 371 818 432 Laurissensibus,
868 370 1140 431 Mariano,
1194 367 1474 418 Annalista
1534 365 1739 416 Saocone
1791 366 2056 416 emendare

188 459 398 521 studuit,
439 458 632 508 codices
669 465 836 505 tamen
873 453 1037 503 nullos
1076 452 1326 503 adhibuit.

331 542 452 592 Post
487 541 603 592 illos
640 539 702 591 G.
732 539 799 590 H.
827 539 978 587 Pertz
1009 555 1056 588 a.
1091 535 1243 587 1826.
1275 535 1329 584 in
1354 535 1494 584 Mon.
1529 532 1700 585 Germ.
1737 532 2057 601 Scriptorum

188 636 319 677 tomo
363 627 534 694 primo
580 644 629 693 p.
671 622 965 676 537—629
1005 621 1318 686 Reqinonem
1357 636 1465 668 cum
1505 618 1853 668 continuatore
1892 617 2055 667 edidit

189 730 301 761 eum
358 712 412 760 in
461 710 688 771 modum,
749 715 802 756 ut
850 723 999 772 usque
1050 705 1121 754 ad
1170 722 1359 753 annum
1412 703 1531 754 813.
1582 711 1767 753 teoetum
1821 703 2055 770 priorum

189 796 467 846 editionum
513 812 575 844 eoe
623 792 790 842 codice
839 791 891 839 B
916 792 945 840 2
993 789 1316 839 mediocriter
1363 796 1610 838 mutatum
1655 788 1762 838 sine
1807 788 1939 837 notis
1976 804 2056 836 ea·-

188 880 389 940 liiberet,
414 878 532 927 inde
563 876 791 926 undecim
827 874 1081 925 codicibus
1112 893 1220 924 cum
1256 873 1368 923 illis
1391 873 1704 941 comparatis
1742 880 2055 940 apparatum

190 963 423 1012 criticum
461 963 746 1013 inst-rueret.
825 958 927 1010 Sed
964 959 1020 1009 in
1057 959 1150 1008 hac
1189 976 1376 1026 quoque
1407 965 1557 1025 parte
1586 957 1803 1006 nimiam
1837 957 2051 1006 auctori-

189 1057 338 1098 tatem
386 1046 693 1098 editionibus
737 1045 917 1095 tribuit
962 1054 1007 1096 et
1049 1045 1105 1094 in
1150 1044 1283 1094 notis
1321 1042 1677 1110 componendis
1714 1060 1901 1109 parum
1940 1040 2060 1090 dili-

187 1133 386 1201 qentiae
440 1131 688 1182 adhibuit.
781 1128 1094 1198 Saepissime
1144 1129 1277 1179 enim
1328 1127 1559 1178 lectiones
1607 1128 1867 1176 variantes
1905 1125 1967 1175 ab
2005 1143 2058 1175 eo

189 1217 441 1267 eschibitae
479 1218 535 1266 in
573 1217 645 1266 eis
683 1215 957 1275 codicibus,
999 1233 1022 1264 e
1061 1213 1241 1281 quibus
1276 1213 1465 1280 petitae
1503 1230 1603 1262 esse
1649 1211 1913 1273 dicuntur,
1959 1229 2059 1260 non

190 1303 542 1361 inveniuntur,
593 1301 681 1351 secl
729 1308 818 1349 aut
868 1298 1094 1349 aliorum
1144 1297 1393 1347 librorum
1443 1304 1559 1346 sunt
1605 1303 1693 1345 aut
1741 1295 1849 1344 alio
1887 1294 2062 1362 aliquo

191 1386 339 1435 modo
367 1385 709 1453 perturbatae.
777 1382 982 1434 Codices
1013 1391 1179 1432 autem
1210 1381 1312 1445 illi,
1343 1399 1553 1448 quorum
1585 1381 1832 1429 rationem
1867 1379 2060 1441 habuit,

190 1487 340 1536 quam
381 1470 612 1519 diversae
650 1469 752 1519 sint
789 1468 1131 1531 auctoritatis,
1168 1485 1232 1517 eoe
1268 1466 1357 1515 hoc
1394 1472 1648 1515 stemmate
1687 1463 1973 1532 apparebit,
2004 1463 2059 1513 in

193 1572 288 1620 quo
327 1554 416 1617 eis,
455 1554 636 1621 quibus
673 1553 761 1603 ille
799 1571 920 1603 usus
957 1561 1042 1615 est,
1079 1569 1315 1601 numeros
1352 1550 1498 1599 uncis
1537 1549 1759 1598 inclusos
1796 1549 1942 1598 dedi:

955 1667 998 1709 R

602 1736 1363 1822 T—dfflmff}

435 1851 1149 1874 ——m
1244 1852 1954 1870 dm

453 1895 475 1934 1
704 1895 730 1935 2
790 1891 972 1935 2*Αηη.
999 1893 1162 1935 Nienb.
1281 1893 1304 1933 1
1641 1888 1667 1930 2
1692 1887 1753 1940 (1)
1953 1889 1979 1930 3

452 1962 457 1967 .
766 1963 952 1984 F-,d
1204 1960 1370 1985 βῆ
1530 1959 1822 1981 ,ἐς-ἢ
1854 1959 2059 1981 „ffl-

221 2019 250 2047 a
265 2003 531 2096 Q&
615 1990 619 2114 Ι
672 1991 676 2114 l
739 2003 842 2056 3(8)
871 2006 988 2047 Ann.
1008 2004 1166 2058 Mayd.
1198 2002 1303 2054 a(6)
1336 2003 1360 2044 b
1535 2016 1713 2087 a—
1771 2014 1803 2043 a·
1863 2014 1891 2043 a
1923 2001 1946 2042 b
1973 1998 2032 2051 (4)

248 2092 931 2171 c(10)d(11)f9(=32z)
1340 2058 1868 2169 cbffidefyhioe)
1929 2056 1950 2155 i:

419 2173 547 2282 ἐπὶ)
1710 2182 1900 2275 sl(=
1917 2228 1959 2268 A
1980 2229 2064 2279 19)

1778 2282 1853 2392 (51)).

335 2441 399 2491 In
447 2449 674 2492 nostrum
723 2459 1000 2493 sermonem
1048 2448 1303 2492 verterunt
1352 2440 1622 2490 chronicon
1674 2437 1736 2488 E.
1795 2435 2064 2486 Ditmmler

197 2521 383 2589 (1857,
446 2522 640 2591 21890)
711 2533 757 2575 et
814 2526 1242 2576 continuationem
1300 2525 1373 2575 M.
1433 2523 1702 2591 Bu‘dinqer
1760 2520 1949 2589 (1857)
2013 2522 2064 2570 in

198 2606 481 2658 collectione
518 2610 824 2676 scriptorum
862 2610 1190 2676 antiquitatis
1226 2609 1568 2677 qermanicae.

337 2692 424 2742 Ad
461 2692 589 2742 hanc
627 2694 897 2744 editionem
934 2694 990 2743 in
1020 2702 1157 2744 teoetu
1188 2693 1486 2744 recensendo
1518 2710 1605 2742 sex
1636 2691 1829 2740 codices
1854 2690 1900 2737 A
1934 2691 1973 2750 l,
2016 2690 2062 2749 2,

198 2777 230 2827 3
268 2785 312 2826 et
352 2777 401 2825 B
427 2780 451 2828 1
495 2777 585 2845 Η-
612 2777 659 2827 Α
685 2776 801 2846 2*),
847 2780 894 2841 2,
942 2779 973 2828 3
1012 2778 1242 2845 respeoei;
1295 2784 1565 2845 praeterea
1604 2775 1674 2825 ad
1714 2774 1953 2824 lacunam
1993 2791 2064 2823 eo-

198 2861 331 2912 dicis
370 2862 416 2911 A
445 2864 491 2924 1,
530 2862 613 2911 cui
649 2870 749 2912 tres
788 2863 1142 2929 quaterniones
1179 2861 1373 2924 desunt,
1420 2859 1724 2928 eoeplendam
1764 2857 1813 2906 A
1841 2860 1916 2909 la
1955 2865 1998 2907 et
2036 2856 2064 2905 b

199 2946 428 3013 conferri
464 2954 728 3014 poterant,
773 2946 905 3013 quod
950 2946 1117 2995 adhuc
1155 2945 1320 2995 omisi.
1397 2944 1618 2994 Illorum
1665 2951 1830 2993 autem
1866 2959 1954 2991 sesc
1992 2959 2065 2990 co-

198 3030 369 3080 dicum
409 3030 642 3081 lectiones
689 3031 952 3081 variantes
990 3048 1156 3080 omnes
1204 3029 1453 3079 adnotare
1490 3028 1666 3078 studui
1713 3027 1932 3094 eccceptis
1976 3027 2062 3088 eis,

199 3131 325 3179 quae
363 3113 514 3181 lapsu
544 3114 738 3165 calami
773 3123 878 3164 tam
910 3122 1086 3182 aperto
1116 3122 1256 3164 ortae
1286 3122 1416 3176 sunt,
1453 3122 1508 3162 ut
1537 3112 1875 3179 unusquisque
1908 3110 2065 3160 libra-

199 3199 310 3248 rius
347 3216 434 3248 eas
469 3199 579 3266 ipse
617 3199 870 3267 corriqere
907 3207 1092 3266 posset,
1141 3198 1273 3248 velut
1311 3196 1556 3247 duocimo
1599 3213 1696 3264 pro
1735 3193 2065 3255 duodecimo,

201 3282 541 3332 exercicitum
589 3302 686 3351 pro
734 3284 1046 3344 exercitum,
1097 3282 1304 3335 similes,
1379 3282 1441 3331 In
1481 3280 1528 3330 A
1553 3281 1586 3331 3
1634 3280 1784 3330 etiam
1834 3279 2060 3329 ordinem

200 3363 458 3416 verborum
495 3367 699 3434 neqleoei
735 3375 778 3417 et
815 3367 880 3417 ab
911 3386 959 3419 a.
988 3367 1322 3420 887.-906.
1354 3366 1620 3434 9raviores
1656 3372 1851 3414 tantum
1885 3364 2061 3412 varia-

202 3446 359 3498 tiones
395 3450 502 3500 eius
540 3451 734 3516 notavi,
779 3469 839 3502 ne
877 3452 1093 3501 nimium
1139 3451 1302 3519 spatii
1340 3449 1517 3500 inutili
1561 3449 1710 3517 copia
1750 3447 2059 3514 impleretur.
