2491 3724
663 176 990 221 REGINONIS
1022 173 1383 220 CHRONICON.
1442 174 1494 217 A.
1520 175 1615 219 864.
2017 178 2070 221 81

210 315 299 357 sea
328 303 594 356 eiusdemb
626 303 892 369 episcopia
920 307 1125 369 neptem
1150 302 1235 352 ina
1262 300 1686 352 matrimoniumc
1717 306 2070 367 accepturum,

211 381 414 427 tantum
454 378 513 424 ut
551 373 875 438 predictama
914 371 1305 437 Thietbirgamd
1343 372 1457 422 eius
1496 370 1826 436 aliorumque
1871 371 2072 437 episco-

212 453 429 513 porume
475 444 791 494 auctoritate
837 448 919 494 eta
963 442 1209 493 licentia²¹
1252 441 1534 508 repudiare
1580 450 1943 507 quacumque³
1987 458 2072 491 ra-

211 518 387 566 tione²
421 514 695 581 potuisset.
774 514 888 576 Qui,
928 518 987 563 ut
1017 518 1132 563 erat
1160 512 1289 562 levis
1328 512 1503 563 animo
1534 511 1621 562 acf
1649 510 2072 563 inconsideratus

210 586 441 648 actione,
502 584 774 652 protinusa
834 583 975 634 omni
1034 582 1324 633 intentione
1385 583 1438 632 in
1497 599 1608 632 rem
1667 580 2070 643 introduciturss,

208 673 344 707 vana
390 673 503 722 spe,
550 660 609 705 ut
645 658 826 720 postea
873 653 1085 711 claruit,
1133 651 1395 705 seductus,
1470 652 1706 702 Rursusa
1752 651 1890 701 idem
1929 652 2071 704 Gun-

209 726 412 777 tariush
465 723 871 789 Thietgaudumi
936 722 1393 787 archiepiscopum
1454 721 1909 772 Treverensemk·¹
1972 721 2074 773 hac

209 796 295 847 del
332 813 495 847 causa
532 794 867 860 alloquiturm
908 798 973 855 et,
1015 792 1216 843 sciensn
1255 800 1398 843 essea
1435 793 1604 843 virum
1644 792 1937 859 simplicem
1977 810 2071 843 nec

208 866 339 918 adeo
370 866 454 916 in0
487 864 674 915 divinis
707 863 984 930 scripturis
1017 861 1284 913 eruditum
1310 862 1684 929 canonicisque
1711 862 2071 914 sanctionibus

208 936 578 997 exercitatum,
629 951 691 984 ex
736 934 1012 999 utriusque
1055 933 1359 984 testamenti
1404 933 1610 999 paginis
1657 933 1915 1000 quasdam
1955 951 2071 986 sen-

205 1007 400 1057 tentias
450 1006 705 1071 proserta,
766 1012 929 1070 quasa
987 1003 1163 1065 aliter,
1226 1021 1384 1070 quam
1445 1003 1805 1055 ecclesiastica
1857 1004 2072 1070 regulap

205 1076 371 1137 docet,
411 1075 702 1126 edisserens
741 1075 910 1125 virum
948 1072 1295 1141 improvidum
1336 1090 1512 1125 secum
1553 1075 1607 1125 in
1645 1074 1850 1126 foveam
1889 1075 2069 1138 trahit,
2096 1091 2225 1123 matth.
2246 1091 2294 1130 15,
2322 1094 2371 1123 14.

206 1162 393 1199 caecus
431 1162 586 1197 caeco
624 1145 873 1196 ducatum
910 1151 1167 1211 prestans

349 1229 486 1294 Quid
537 1229 726 1297 plura?
787 1228 927 1281 facta
980 1234 1101 1280 sunt
1154 1228 1354 1290 omnia,
1415 1245 1550 1294 quae
1602 1227 1725 1280 huic
1778 1234 2070 1280 commento
2102 1226 2231 1278 (860)-

203 1299 521 1352 videbantur
566 1309 713 1351 esse⁸
755 1300 1071 1351 necessaria.
1159 1298 1452 1350 Concilium
1502 1299 1680 1350 Mettis
1730 1298 2068 1362 convocant2‚

202 1370 436 1437 reginam
477 1370 630 1435 quasi
670 1370 920 1424 canonice
959 1373 1259 1420 evocatamq
1296 1369 1349 1419 in
1388 1368 1562 1420 medio
1601 1374 1858 1432 statuunt,
1908 1375 2070 1421 testes

201 1441 502 1508 producunt
539 1449 676 1491 unar
713 1457 831 1490 cum
872 1439 1099 1506 scriptiS‚
1142 1440 1232 1505 qui
1270 1438 1453 1490 valslea
1491 1440 1673 1504 gravia
1712 1440 1936 1490 crimina
1973 1440 2069 1490 im-

203 1516 457 1578 ponentes
495 1511 663 1561 inter²
701 1510 839 1560 alia³
875 1509 1154 1576 protestati
1186 1513 1322 1572 sunt,
1363 1509 1506 1575 quod
1545 1509 1727 1561 eadem
1760 1510 2071 1576 Thietbirga

205 1580 446 1633 confessa
483 1579 687 1642 fuisset,
729 1581 1070 1646 semetipsam
1108 1579 1292 1631 fratris
1331 1580 1568 1645 germani
1606 1580 1908 1632 incestuoso
1949 1597 2068 1631 con-

208 1650 389 1703 cubitu
439 1668 552 1702 esse
603 1651 874 1717 pollutam.
956 1650 1219 1702 Continuo
1270 1655 1472 1701 statuta
1521 1656 1768 1715 patrum⁸
1815 1651 1879 1702 de
1929 1651 2069 1702 ince-

203 1722 398 1773 stuosis
442 1723 756 1784 recitantur,
805 1726 857 1773 et
902 1737 1006 1771 non
1053 1720 1221 1772 solum
1267 1737 1298 1770 a
1342 1721 1577 1787 legitimo
1616 1722 1727 1772 viro
1774 1727 2068 1788 separatur,

13 1806 88 1847 ¹⁶12.
105 1805 179 1838 572.
205 1809 386 1843 verum
425 1793 615 1843 etiama
654 1791 824 1843 omnis
864 1791 1051 1858 copula
1089 1790 1382 1843 *maritalis
1420 1791 1704 1851 inhibetur,
1746 1793 2070 1858 poenitent-ia

204 1863 354 1913 iuxta
389 1862 601 1913 modum
641 1862 826 1927 culpae
864 1862 1133 1924 indicitur,
1183 1866 1234 1912 et
1271 1861 1392 1912 talit
1434 1861 1639 1913 nefaria
1677 1862 2067 1913 machinatione

205 1932 296 1983 diu
334 1938 583 1999 exoptata
619 1932 895 1983 voluntasu
931 1933 1070 1998 regis
1109 1931 1478 1998 adimpleturv.

345 2015 462 2066 Non
500 2016 667 2067 multo
705 2021 826 2083 post
869 2016 1184 2068 interiectoW
1221 2020 1500 2081 temporeW
1530 2016 1721 2067 iterum
1753 2022 2067 2068 conventum
2098 2026 2228 2078 (862).

204 2085 510 2153 synodalem
534 2087 698 2153 Aquis
731 2084 1138 2147 coadunantx·3,
1172 2085 1296 2136 ubiy
1326 2095 1459 2136 rexW
1497 2093 1701 2136 libellum
1739 2108 1862 2137 suae
1899 2094 2066 2148 procla·
2090 2102 2391 2142 Aeta00n0.Aqu

205 2157 443 2200 mationisz
481 2157 707 2207 obtulit,
749 2157 827 2199 ubi
865 2157 1267 2207 continebatur,
1311 2157 1537 2212 qualitera
1571 2157 1617 2199 in
1659 2157 1846 2212 quadam
1887 2157 2066 2207 femina,

205 2213 468 2268 Thietbirga
497 2214 730 2263 nomineW,
777 2213 974 2256 factiosis
1014 2213 1275 2267 perfidorum
1317 2213 1544 2256 hominum
1586 2215 1858 2267 argumentis
1901 2213 2066 2256 fueritb

205 2269 502 2319 defraudatus,
535 2271 669 2312 immo
699 2284 784 2312 non
808 2269 1087 2313 mediocriter
1117 2270 1397 2323 repetivitc,
1429 2269 1543 2325 quod
1574 2269 1737 2312 iudicio
1768 2271 2065 2323 episcoporum

204 2325 378 2368 discidii
409 2327 675 2369 sententiam
705 2327 974 2379 pertulisset.
1036 2325 1168 2378 Quae
1200 2327 1237 2368 si
1267 2325 1423 2368 idonea
1455 2328 1582 2368 esset
1612 2327 1834 2381 coniugali
1863 2326 1990 2369 thoro
2022 2329 2065 2368 et

203 2381 413 2435 pestifera
453 2383 644 2425 incestus
685 2383 930 2436 pollutione
968 2382 1122 2436 sedata
1159 2396 1245 2425 non
1282 2382 1466 2425 fuisset
1502 2382 1612 2424 nec<1
1652 2383 1777 2425 vivae
1815 2383 1930 2425 vocis
1967 2396 2065 2425 con-

203 2439 388 2481 fessione
424 2439 599 2492 publice
639 2438 976 2492 condempnata,
1015 2441 1169 2493 sponte
1209 2452 1319 2481 eam
1356 2440 1587 2481 retineret:
1632 2453 1758 2493 porro
1797 2453 1840 2481 se
1878 2440 2065 2482 inconti-

204 2497 380 2536 nentem
413 2508 502 2537 esse
532 2495 747 2548 professus
786 2498 852 2537 est
883 2498 927 2538 et
964 2496 1057 2538 sine
1089 2495 1243 2549 copula
1280 2496 1484 2538 iuvenilis
1523 2496 1686 2538 aetatis
1725 2495 1924 2538 ardorem
1954 2495 2066 2538 ferre

206 2609 241 2649 a)
266 2611 358 2641 deest
380 2612 410 2642 A
426 2613 456 2642 3.
524 2611 562 2651 b)
585 2615 727 2651 neptem
750 2613 862 2643 eiusd.
887 2620 943 2652 ep.
969 2613 999 2643 A
1018 2616 1045 2644 1.
1073 2615 1109 2653 ‘2;
1140 2623 1176 2644 n.
1201 2615 1280 2645 eius
1302 2614 1332 2643 A
1349 2615 1380 2645 3.
1456 2613 1488 2650 c)
1511 2614 1734 2645 matrimonio
1758 2613 1787 2644 A
1805 2615 1836 2645 3.
1905 2613 1939 2652 d)
1962 2613 2066 2644 thiet-

206 2653 351 2691 bergam
374 2654 404 2684 A
419 2655 450 2685 3.
475 2655 506 2685 Β
524 2657 553 2685 1.
656 2654 690 2694 e)
720 2655 813 2685 deest
835 2657 866 2686 B
883 2658 914 2686 1.
1010 2657 1038 2691 f)
1070 2659 1103 2685 et
1126 2656 1156 2686 A
1172 2657 1203 2687 3.
1309 2655 1346 2696 g)
1375 2657 1600 2686 introductus
1625 2660 1680 2686 est
1701 2656 1731 2685 A
1747 2656 1779 2685 2.
1888 2655 1928 2693 h)
1958 2660 2063 2693 gunt-

205 2695 330 2725 harius
353 2694 383 2725 A
401 2698 429 2727 1.
502 2696 530 2734 i)
551 2697 656 2727 tieth-
678 2697 709 2727 B
725 2699 743 2726 2
766 2699 916 2736 saepiue.
1000 2698 1038 2737 k)
1067 2699 1190 2728 trevir.
1216 2698 1248 2728 B
1264 2699 1293 2729 2.
1370 2698 1398 2737 l)
1422 2698 1464 2728 de
1486 2699 1555 2728 hac
1578 2698 1608 2729 A
1627 2702 1654 2728 l.
1731 2698 1781 2737 m)
1804 2698 1963 2735 loquitur
1985 2698 2016 2728 B
2032 2699 2063 2728 3.

206 2737 244 2774 n)
277 2737 465 2776 sciensque
490 2738 565 2770 A3.
685 2738 718 2776 o)
746 2739 783 2768 in
809 2741 990 2770 canonicis
1014 2744 1127 2770 sanct.
1152 2740 1183 2770 A
1199 2741 1230 2772 3.
1344 2748 1380 2778 p»
1410 2740 1542 2778 pagina
1563 2741 1594 2770 A
1611 2741 1642 2770 3.
1760 2738 1798 2778 q)
1830 2744 1996 2770 vocatam
2021 2740 2063 2770 A.

206 2777 238 2818 r)
263 2786 374 2808 unum
398 2780 429 2810 A
446 2782 476 2810 1.
546 2779 578 2820 s)
610 2784 750 2819 patrum
774 2785 905 2812 statuta
927 2782 968 2812 A.
1044 2782 1071 2821 t)
1101 2789 1173 2812 tam
1196 2783 1237 2812 A.
1314 2782 1351 2823 u)
1381 2783 1544 2820 voluptas
1568 2783 1598 2812 A
1616 2786 1645 2813 1.
1671 2783 1705 2819 2;
1738 2781 1905 2820 voluptas
1928 2783 1960 2812 B
1977 2784 2005 2812 1.
2032 2783 2064 2813 3.

207 2821 245 2859 v)
267 2821 436 2859 impletur
458 2822 488 2852 A
504 2823 534 2853 3.
624 2823 668 2859 w)
692 2823 781 2854 deest
804 2824 879 2856 A3.
964 2822 1001 2863 x)
1024 2824 1196 2854 adunavit
1219 2825 1248 2854 A
1265 2825 1296 2855 3.
1382 2823 1419 2863 y)
1442 2825 1498 2855 lbi
1521 2824 1550 2855 A
1567 2825 1597 2854 2.
1685 2824 1720 2862 z)
1743 2824 1955 2863 prm-eclam.
1981 2824 2011 2854 A
2029 2826 2064 2862 l;

206 2863 352 2894 teclam.
377 2864 407 2894 A
422 2864 454 2895 2.
542 2864 578 2904 a)
603 2865 695 2903 quod
720 2864 750 2895 A
765 2866 796 2896 3.
884 2865 921 2904 b)
945 2865 1063 2896 fuerat
1085 2867 1127 2896 Β.
1211 2865 1244 2904 c)
1267 2866 1408 2904 repetiit
1430 2867 1472 2896 B.
1555 2866 1593 2905 d)
1619 2868 1653 2896 et
1676 2866 1706 2896 Β
1725 2869 1753 2897 1.
1779 2867 1809 2897 2.

208 2967 249 3018 1)
282 2968 338 3010 A.
361 2969 613 3012 847—864.
702 2969 743 3022 2)
778 2971 883 3012 Non
908 2971 1077 3023 Mettis,
1108 2972 1185 3013 secl
1207 2972 1489 3026 Aquisyram'
1511 2972 1688 3014 duabus
1711 2972 1893 3025 synodis
1918 2986 1958 3013 α.
1982 2971 2065 3014 860

206 3025 429 3067 Ianuario
466 3030 506 3068 et
543 3026 794 3069 Februario
832 3027 1057 3069 mensibus
1094 3027 1258 3070 habitis
1299 3028 1559 3081 Thietberya
1596 3028 1740 3081 reqalz'
1776 3028 1964 3070 conubio
1996 3028 2063 3069 ‘in-

208 3080 346 3134 diqna
375 3081 606 3124 declarata
636 3087 710 3125 est.
773 3082 1046 3133 Quibuscum
1076 3084 1259 3137 synodis
1288 3088 1449 3136 noster,
1480 3097 1579 3127 cum
1612 3084 1673 3127 ad
1694 3084 1803 3127 haec
1825 3084 2064 3127 narranda

205 3136 399 3179 maxime
429 3138 617 3191 epistola
648 3139 833 3181 Nicolai
856 3151 1009 3192 papae
1038 3139 1145 3188 (Nr.
1168 3140 1364 3189 LVIII)
1401 3140 1463 3183 ad
1493 3141 1720 3193 episcopos
1756 3141 1885 3194 *requi
1912 3141 2063 3183 Fran-

207 3203 358 3234 corum
387 3194 612 3237 orientalis
642 3195 724 3237 867
756 3194 847 3237 Oct.
871 3196 924 3238 31
958 3195 1124 3239 directa
1154 3196 1348 3246 (Marcei,
1374 3193 1689 3238 ‘Coozcz'liorum
1714 3196 1930 3239 collecte'o’
1957 3197 2064 3248 XV,

207 3246 445 3291 333—342
455 3265 466 3299 3
513 3251 664 3303 Floss,
695 3249 778 3293 ‘D.
802 3251 1070 3304 Papstwahl
1098 3257 1228 3295 unter
1258 3253 1298 3295 cI.
1325 3252 1550 3301 Ottonenss
1589 3252 1690 3295 Urk.
1714 3253 1915 3302 37—58)
1936 3252 2065 3304 fonte

207 3306 426 3356 uteretur,
465 3304 666 3358 confudit
703 3307 936 3349 concilium
969 3309 1186 3351 Mettense
1224 3323 1265 3351 α.
1299 3310 1382 3352 863
1418 3309 1730 3361 praesentibus
1762 3309 1996 3351 Rodoaldo
2027 3313 2066 3350 et

209 3357 410 3401 Iohanne
461 3361 618 3414 leyatz‘s
670 3363 935 3415 apostolicis
974 3364 1199 3415 habitum,-
1253 3363 1309 3418 cf.
1356 3363 1532 3407 ‘Neues
1576 3365 1766 3407 Archiv'
1814 3365 1921 3415 XV,
1967 3366 2062 3407 322.

209 3411 252 3464 3)
284 3413 366 3456 862
398 3416 509 3468 Apr.
527 3418 600 3466 29;
631 3419 867 3461 Dummler
887 3420 958 3472 H,
989 3421 1042 3463 31
1060 3433 1122 3474 sq.
1163 3419 1301 3463 Cuius
1330 3421 1493 3475 synodi
1522 3425 1626 3464 acta
1649 3421 1735 3470 (ed.
1761 3421 1925 3463 Mansa?
1955 3420 2003 3461 X
2010 3419 2063 3471 V,

209 3466 452 3517 611—630)
481 3471 705 3524 Reyinoni
724 3478 907 3526 praesto
924 3476 1078 3526 fuisse
1108 3481 1310 3529 apparet.

1757 3561 1782 3601 6
