2491 3724
80 277 167 306 Luc.
187 276 237 314 23,
263 277 313 306 12.

220 345 315 384 Aug.

40 1244 124 1288 952
154 1249 242 1280 Dec.
261 1248 315 1279 25.

48 1387 132 1431 953
164 1390 312 1432 (Febr).

180 2886 267 2925 Apr.
287 2887 319 2918 3.

343 137 424 180 166
769 111 1181 180 CONTINUATiO
1213 133 1557 179 REGINONIS.
1617 136 1670 178 A.
1694 136 1791 181 953.

340 279 465 313 nam
511 266 670 313 antea
714 261 917 312 inimici
963 265 1116 312 erant
1153 260 1223 312 ad
1259 260 1500 314 invicem.
1584 261 1784 314 Eodem
1830 266 2043 314 tamena
2079 280 2220 315 anno

341 332 608 384 mediante
654 332 892 398 Augusto
937 331 1149 383 menseb
1198 336 1487 383 conventus
1531 331 1879 396 Francorum,
1934 334 2219 397 Saxonum,

342 403 726 467 Bawariorum,
755 402 1177 453 Alamannorum
1204 406 1258 452 et
1281 401 1757 481 Langobardorum
1780 402 2025 470 publicus
2049 405 2222 472 apuda

341 474 706 540 Augustanam
737 472 925 524 urbem
954 472 1179 524 Rhetiae
1210 472 1514 539 provinciae
1546 473 1739 539 agitur,
1769 472 1864 525 ubi
1893 476 2221 555 prescriptus

340 544 693 610 Beiengarius
734 560 852 595 011111
890 542 999 594 filio
1039 560 1134 595 suo
1174 542 1467 595 Adalberto
1505 544 1684 610 regiae
1723 560 1779 595 80
1815 560 1910 611 per
1949 545 2129 596 omnia
2166 547 2223 597 in

340 615 701 666 vassallicium
727 613 934 666 dedidit
958 613 1309 666 dominationi
1330 620 1383 666 et
1406 613 1623 666 Italiam
1647 614 1840 665 iteium
1866 624 2015 666 cuma
2045 617 2224 682 gratia

341 691 393 737 et
430 685 568 737 dono
606 684 747 751 regis
786 685 994 752 accepit
1029 684 1331 752 regendam.
1409 684 1594 737 Marca
1624 691 1835 737 tantum
1860 685 2223 737 Veronensisl

341 761 393 807 et
422 755 781 821 Aquileiensis
814 755 1094 821 excipitur,
1129 772 1265 824 quae
1296 755 1549 807 Heinrico
1581 756 1738 807 fratri
1768 756 1908 823 regis
1941 757 2224 809 committi-

340 831 444 878 tur.
527 826 886 892 Berengarius
931 835 1145 877 13111011ρ
1200 827 1255 876 10
1295 826 1505 878 11311310
1552 832 1824 879 revertens
1871 828 2049 878 omnia
2093 827 2223 879 haec

339 897 394 947 in
433 896 707 963 episcopos
755 901 807 948 et
846 896 1065 948 comites
1112 901 1422 964 ceterosque
1461 897 1651 949 Italiae
1695 898 1961 965 principes
2006 899 2226 950 retorsit

340 966 688 1034 omnibusque
729 983 817 1019 eos
856 966 993 1019 odiis
1033 971 1085 1018 et
1122 967 1461 1019 inimiciciisd
1498 968 1787 1035 insequens
1826 969 2225 1021 inimicissimos

343 1036 446 1090 sibi
484 1037 626 1089 fecit.

1216 1133 1354 1193 953.

483 1234 863 1287 DCCCOLIII.
891 1251 987 1286 rex
1013 1233 1195 1286 natale
1222 1234 1435 1286 Domini
1459 1233 1895 1286 Franconofurde
1921 1234 2224 1287 celebravit.

339 1305 573 1373 Indeque
612 1307 668 1357 in
706 1306 966 1358 Alsatiam
1004 1304 1350 1373 progrediens
1391 1307 1568 1358 socrui
1607 1322 1735 1357 suae
1773 1305 1966 1358 Bertae
1982 1305 2019 1371 2,
2067 1307 2228 1358 matri

341 1377 546 1429 scilicet
585 1376 812 1429 domnae
852 1376 1190 1428 Adalheidisf
1237 1377 1478 1444 reginae,
1527 1375 1804 1428 abbatiam
1849 1378 1904 1428 in
1943 1376 2227 1429 Erestein3

339 1447 501 1502 dedit.
576 1447 722 1499 Tunc
760 1449 868 1499 iam
907 1447 1279 1499 animositates
1319 1453 1372 1499 et
1400 1448 1624 1499 consilia
1654 1448 1858 1500 occulte
1889 1456 2074 1500 contra
2105 1466 2226 1500 eum

340 1518 486 1571 facta
535 1519 742 1584 *palam
794 1522 1076 1586 coeperant
1124 1535 1406 1586 apparere,
1458 1523 1510 1571 et
1558 1536 1696 1570 unus
1746 1520 1972 1586 quisque
2022 1536 2222 1583 eorum,

342 1606 479 1656 quae
518 1589 572 1640 in
612 1589 772 1641 corde
812 1595 1175 1652 contexerant,
1215 1589 1440 1656 aperire.
1523 1589 1800 1641 Redeunte
1846 1590 1986 1641 enim
2032 1589 2124 1641 1110
2162 1590 2227 1642 de

340 1660 549 1711 Alsatia
581 1665 633 1711 et
662 1659 979 1727 Inglinheim
1017 1660 1218 1727 pascha
1259 1659 1591 1712 celebraturo
1624 1659 1907 1712 Liudolfus
1940 1659 2081 1712 filius
2114 1661 2227 1711 eius

341 1735 394 1782 et
432 1730 779 1782 Cuonradusg
819 1730 925 1781 dux
971 1747 1204 1797 nequam
1241 1729 1546 1782 fautoribus
1587 1735 1640 1782 et
1677 1731 1909 1782 maxime
1947 1730 2228 1782 iuvenibus

343 1805 395 1852 et
433 1800 499 1852 de
539 1801 768 1853 Francia
807 1806 859 1853 et
897 1800 962 1852 de
1003 1799 1237 1852 Saxonia
1283 1807 1336 1852 et
1374 1800 1439 1852 de
1478 1801 1719 1853 Bawaria
1769 1800 1871 1853 sibi
1910 1801 2229 1853 coadunatis

343 1872 779 1939 conspiraverant
840 1878 914 1934 et,
976 1888 1324 1939 quascunque
1385 1876 1656 1938 poterant,
1719 1872 2043 1924 munitiones
2103 1874 2231 1924 seuh

342 1942 562 1995 castella
605 1942 819 1995 futurae
865 1942 1119 1995 seditioni
1163 1942 1519 1995 muniebanti.
1603 1941 1712 1995 Nec
1757 1944 1898 1995 enim
1943 1943 2053 1995 iam
2092 1943 2229 1996 clam

342 2013 625 2136 atgebbatuff'
673 2031 777 2082 quo
816 2013 1133 2077 tendebant,
1181 2014 1274 2066 sed
1312 2019 1501 2082 aperta
1538 2013 1849 2066 rebellionis
1896 2014 2046 2082 signa
2084 2031 2231 2066 mon-

345 2101 368 2136 s
396 2102 457 2136 ra
497 2102 565 2136 an
596 2127 606 2138 .

485 2169 598 2221 Rex
628 2169 792 2236 igitur
817 2169 1163 2236 Inglinheimk
1186 2168 1497 2236 perveniens
1530 2170 1716 2234 paucis
1749 2185 1968 2220 suorum
1992 2168 2229 2221 fidelium

344 2256 520 2291 secum
559 2239 761 2291 habitis
805 2257 913 2291 non
950 2241 1143 2292 111111181
1188 2241 1328 2290 inter
1373 2237 1574 2290 medios
1619 2239 1799 2291 hostes
1847 2239 2051 2307 pascha
2095 2240 2229 2292 cele-

341 2309 606 2362 brandum
636 2316 839 2362 ratuslm
877 2311 1211 2378 Mogontiam
1253 2308 1377 2361 inde
1417 2309 1651 2362 secessit.
1718 2309 1823 2361 Ubi
1854 2311 2026 2372 aliter,
2068 2328 2228 2378 quam

343 2397 522 2445 regem
576 2380 826 2445 decebat,
890 2381 1094 2433 diutius
1154 2386 1280 2432 ante
1342 2385 1524 2446 portas
1595 2386 1883 2448 expectans
1953 2381 2228 2433 Friderico

344 2451 744 2519 archiepiscopo
794 2453 899 2504 iam
941 2469 1060 2504 cum
1104 2451 1210 2503 illis
1249 2451 1588 2518 conspirante
1627 2452 1714 2503 vix
1756 2451 1900 2503 urbis
1930 2452 2229 2519 ingressum

346 2522 593 2576 obtinuit.
674 2523 822 2574 Tunc
874 2521 1155 2575 Liudolfus
1202 2527 1256 2574 et
1303 2521 1621 2574 Cuonradus
1669 2522 1745 2574 ibi
1791 2521 1949 2576 fictan
1992 2523 2062 2575 ad
2109 2541 2230 2575 eum

344 2592 662 2656 humilitate,
703 2598 764 2645 ut
794 2599 915 2662 post
945 2593 1153 2654 claruit,
1191 2594 1493 2645 venientes0
1531 2593 1667 2645 nihil
1697 2593 1888 2645 talium
1932 2611 1988 2646 se
2025 2594 2082 2645 in
2114 2595 2230 2646 eius

345 2664 811 2716 contrarietatemp
850 2665 1020 2732 egisse
1059 2663 1330 2727 dicebant3
1371 2664 1462 2716 sed
1503 2665 1548 2716 si
1586 2663 1872 2717 Heinricus
1909 2664 2078 2717 frater
2115 2666 2230 2717 eius

344 2735 398 2786 in
436 2734 638 2802 pascha
675 2735 1028 2802 Inglinheimq
1067 2736 1282 2798 veniret,
1322 2734 1472 2787 illum
1513 2753 1568 2787 se
1608 2735 2086 2801 comprehensuros
2123 2753 2228 2787 non

344 2804 629 2870 negabant.
698 2806 849 2868 Quod
878 2824 974 2858 rex
1003 2807 1293 2873 tranquille
1324 2823 1386 2857 ac
1418 2806 1657 2858 modeste
1690 2807 1985 2874 suscipiens
2016 2807 2228 2872 navigio

347 2874 633 2997 Collobniamc
648 2877 831 2944 attigit
854 2877 1083 2945 indeque
1105 2877 1452 2945 progrediens
1470 2876 1875 2929 Drotmannir·4
1891 2878 2005 2929 vico
2029 2877 2230 2944 pascha

347 2962 404 2998 00
431 2964 456 2997 0
497 2964 648 3000 ravi.

350 3100 384 3139 a)
409 3099 497 3132 deest
519 3102 549 3132 A
566 3102 597 3132 3.
673 3100 712 3141 b)
735 3109 862 3132 menso
887 3102 917 3132 A
937 3105 965 3133 1.
1040 3100 1074 3141 0)
1097 3105 1219 3133 autem
1243 3103 1273 3133 A
1290 3104 1320 3134 3.
1399 3102 1434 3139 d)
1458 3102 1630 3133 inimiciis
1655 3103 1684 3133 A
1701 3102 1730 3133 3.
1801 3101 1835 3141 e)
1860 3101 2124 3132 franconevord
2147 3101 2176 3131 A
2193 3102 2224 3133 3.

351 3142 379 3178 f)
402 3142 587 3173 adeheidis
609 3144 639 3173 A
657 3144 689 3174 3.
747 3144 784 3183 g)
808 3153 909 3174 cunr.
934 3145 964 3175 A
983 3146 1017 3181 13
1045 3153 1138 3175 cour.
1166 3145 1197 3174 A
1213 3146 1232 3176 3
1256 3154 1396 3183 semper.
1459 3144 1498 3183 h)
1520 3148 1555 3175 et
1570 3144 1638 3176 A3.
1683 3143 1710 3183 i)
1736 3144 1932 3175 sedititioni
1949 3144 2139 3174 munibant
2154 3143 2225 3175 Al.

350 3183 388 3222 k)
427 3186 463 3214 in
487 3185 649 3222 glinhem
674 3186 703 3216 A
721 3186 751 3216 3.
863 3186 890 3223 1)
924 3195 995 3218 000
1018 3190 1136 3217 tutum
1161 3190 1261 3217 ratus
1285 3186 1315 3217 A
1332 3189 1362 3218 3.
1475 3187 1526 3219 m)
1561 3186 1744 3217 celebrare
1768 3187 1798 3216 A
1814 3188 1845 3218 3.
1956 3185 1995 3225 n)
2030 3186 2124 3217 facta
2147 3187 2177 3216 A
2195 3188 2224 3216 1.

350 3229 386 3265 0)
409 3231 588 3258 venerunt
610 3227 797 3266 nichilque
821 3228 851 3258 A
867 3229 898 3259 3.
988 3228 1026 3268 p)
1050 3230 1086 3258 in
1111 3237 1193 3259 eum
1217 3229 1247 3259 A
1264 3230 1294 3259 3.
1385 3228 1421 3267 q)
1445 3228 1668 3266 inglenheim
1691 3228 1722 3259 A
1741 3232 1769 3259 1.
1859 3227 1890 3268 r)
1913 3227 2123 3259 droomanni
2145 3229 2176 3259 A
2194 3231 2224 3259 1.

352 3338 395 3389 1)
426 3340 465 3381 Ι.
484 3351 518 3381 e.
544 3343 661 3382 totus
686 3339 881 3383 ducatus
904 3340 952 3382 F
951 3341 1220 3383 oroiulamcs
1230 3355 1244 3392 ;
1277 3341 1515 3383 Diimmler
1538 3342 1634 3384 208.
1711 3341 1753 3392 2)
1785 3342 1938 3385 Filiae
1960 3341 2229 3385 Burchardi

349 3396 478 3501 algae&
511 3396 820 3495 ssle'mlnnme‘
938 3399 980 3448 3)
1016 3397 1199 3439 Erstein
1230 3397 1348 3439 inter
1378 3397 1512 3440 urbes
1545 3397 1821 3453 Strassburq
1852 3403 1893 3442 et
1922 3398 2224 3442 Schlettstadt.

475 3465 515 3494 07
547 3465 694 3494 mum.

2249 1535 2266 1551 *
2284 1546 2325 1575 p.
2345 1536 2419 1567 622.
