2491 3724
9 972 50 1002 p.
66 962 142 995 543.

631 664 888 740 REGIN
892 664 1082 738 0le
1136 662 1634 742 OHRONICON.

302 945 623 997 *INCIPITa
674 943 1021 997 PREFATIO
1077 942 1324 996 OPERIS
1379 941 1960 1006 SUBSEQUENTIS*.

339 1057 789 1110 Excellentissimi
846 1056 1044 1122 ingenii
1103 1060 1156 1107 et
1213 1055 1378 1107 totius
1437 1053 1809 1120 philosophiae
1869 1053 2063 1105 studiis

198 1128 566 1195 multipliciter
602 1127 854 1194 insignito
894 1126 1086 1177 domno
1125 1124 1480 1176 Adalberonib
1519 1125 1807 1192 episcopol
1846 1124 2063 1190 ReginO,

198 1199 435 1265 quamvis
489 1198 722 1249 omnium
786 1196 1211 1248 christicolarum
1268 1200 1566 1256 extremus,
1627 1200 1833 1245 vestrae
1885 1200 2065 1245 tamen

199 1268 522 1320 sublimitati
546 1269 599 1319 in
625 1267 872 1318 omnibus
897 1266 1284 1328 devotissimus,
1315 1263 1496 1315 fidelia
1519 1264 1738 1315 mandat
1762 1265 2065 1315 orationum

200 1338 470 1404 obsequia.
562 1337 906 1397 Chronicam‚
968 1353 1125 1402 quam
1186 1335 1250 1385 de
1301 1335 1498 1385 nostris
1561 1338 1613 1385 et
1666 1338 2065 1385 antecessorum

198 1413 492 1459 nostrorum
526 1406 852 1474 temporibus
886 1406 1110 1456 litterisC
1142 1403 1533 1471 comprehendi,
1564 1409 1772 1456 vestrae
1804 1403 2066 1470 singulari

196 1477 510 1545 prudentiae
569 1475 978 1529 examinandam
1042 1475 1342 1537 transmisi,
1414 1479 1474 1525 ut
1530 1478 1704 1525 vestro
1765 1474 2062 1541 perspicaci

198 1547 397 1599 iudicio
429 1553 524 1599 aut
554 1546 914 1614 approbeturd
944 1550 1037 1597 aut
1068 1545 1483 1611 condempnetur
1497 1554 1532 1595 e.
1582 1544 1753 1606 Quam
1776 1546 1831 1595 in
1855 1544 2064 1595 duobus

197 1618 392 1669 libellis
452 1617 687 1681 distinxi,
749 1615 1025 1668 exordium
1085 1616 1300 1681 capiens
1361 1632 1394 1666 a
1451 1615 1622 1682 primo
1683 1615 2064 1666 incarnationis

200 1688 496 1741 dominicae
544 1705 682 1739 anno
732 1693 786 1738 et
836 1686 1237 1738 consummansf
1283 1689 1563 1752 coeptumg
1612 1702 1743 1752 opus
1791 1702 1961 1751 usque
2009 1685 2066 1735 in

199 1762 497 1826 presentem
547 1776 766 1820 annum,
830 1757 921 1824 qui
969 1760 1306 1823 computatur
1356 1773 1388 1806 a
1436 1755 1648 1822 prefata
1698 1755 2064 1806 incarnatione

202 1829 418 1881 Domini
450 1829 881 1894 nongentesimus
918 1832 1149 1879 octavus,
1199 1825 1481 1891 Indignum
1512 1826 1707 1876 etenim
1738 1825 1867 1876 mihi
1896 1826 2065 1876 visum

202 1903 297 1961 est,
336 1903 410 1961 ut,
450 1916 567 1950 cum
604 1898 949 1960 Hebreorum,
998 1897 1289 1948 Grecorum
1327 1900 1378 1946 et
1415 1895 1774 1946 Romanorum
1813 1895 2064 1946 aliarum-

203 1986 304 2035 que
334 1969 569 2034 gentium
599 1965 1052 2033 historiographih
1082 1983 1166 2017 res
1198 1967 1253 2016 in
1285 1965 1470 2017 diebus
1501 1967 1611 2017 suis
1644 1970 1820 2031 gestas
1851 1965 2063 2033 scriptis

202 2055 370 2105 usque
407 2038 498 2089 adi
535 2043 772 2090 nostram
809 2037 1055 2088 notitiam
1094 2036 1502 2099 transmiserint,
1543 2035 1606 2086 de
1645 2036 1841 2087 nostris
1881 2051 2063 2102 quam-

200 2125 359 2175 quam
395 2108 552 2174 longe
588 2107 929 2160 inferioribus
965 2106 1292 2173 temporibus
1330 2107 1407 2157 ita
1442 2110 1757 2173 perpetuum
1797 2105 2064 2156 silentium

202 2179 285 2241 sit,
324 2183 386 2230 ut
422 2178 576 2246 quasi
612 2179 667 2230 in
705 2177 890 2229 diebus
928 2180 1122 2228 nostris
1160 2183 1254 2228 aut
1291 2176 1564 2227 hominum
1602 2176 1744 2227 actio
1783 2175 2067 2227 cessaverit

202 2254 295 2299 aut
342 2248 583 2301 fortassis
631 2249 744 2300 nilk
793 2247 1026 2315 dignum,
1076 2247 1219 2313 quod
1262 2247 1547 2298 memoriae
1593 2245 1756 2297 fuerit
1802 2261 2066 2297 commen-

202 2317 459 2385 dandum,
509 2319 713 2385 egerint
758 2323 866 2381 aut,
914 2319 961 2369 si
1004 2334 1090 2368 res
1129 2317 1319 2383 dignae
1364 2320 1663 2368 memoratu
1709 2323 1888 2382 gestae
1927 2326 2065 2376 sunt,

200 2388 376 2440 nullus
425 2388 496 2440 ad
542 2389 675 2441 haec
720 2389 942 2440 litteris1
985 2387 1289 2439 mandanda
1332 2387 1553 2439 idoneus
1598 2388 1842 2438 inventus
1888 2386 2065 2447 fuerit,

200 2459 425 2510 notariis
459 2476 554 2526 per
585 2459 848 2511 incuriam
881 2460 988 2510 otio
1021 2458 1370 2526 torpentibus.
1442 2457 1558 2509 Hac
1588 2458 1769 2523 itaque
1806 2456 1870 2508 de
1902 2473 2066 2507 causa

201 2545 308 2579 non
345 2545 536 2594 passus
574 2548 691 2581 sum
735 2534 979 2595 tempora
1017 2534 1228 2595 patrum
1266 2533 1573 2579 nostrorum
1619 2532 1671 2579 et
1707 2531 1893 2578 nostra
1928 2535 2067 2594 perm

204 2598 382 2649 omnia
417 2599 618 2650 intacta
655 2600 938 2665 preterire,
987 2597 1081 2649 sed
1120 2616 1184 2650 ex
1221 2599 1404 2649 multis
1449 2615 1622 2663 pauca
1659 2602 1846 2649 notare
1886 2597 2066 2648 curavi

202 2672 270 2732 et,
308 2667 438 2719 ubi11
481 2668 552 2719 ad
587 2670 858 2736 presentia
901 2674 1142 2735 tempora
1185 2674 1394 2720 ventum
1435 2673 1535 2731 est,
1586 2667 1738 2719 stilo⁰
1778 2667 2066 2732 temperavi

200 2743 420 2803 propter
468 2738 801 2805 quorundam
852 2738 1130 2801 offensam,
1194 2740 1285 2803 qui
1333 2738 1509 2790 adhuc
1564 2742 1687 2789 sunt
1735 2737 2063 2804 superstites

200 2808 396 2860 latiusp
433 2807 565 2860 haec
609 2809 835 2876 posteris
881 2808 1222 2875 exequendaq
1259 2809 1579 2875 relinquens
1664 2808 1902 2872 Accipite
1942 2823 2065 2872 ergo

200 2878 330 2928 hocr
379 2895 600 2945 parvum
651 2879 1021 2930 munusculum
1076 2896 1139 2929 ea
1191 2878 1540 2944 benignitate,
1602 2887 1739 2944 qua⁸
1789 2877 2066 2928 devotione

201 2948 423 3000 missum
446 2953 525 3000 est
548 2966 580 3000 a
609 2967 728 3000 mea
751 2950 1026 3016 parvitate.
1090 2948 1151 2999 In
1177 2947 1320 2999 calce
1345 2953 1522 2999 autem
1556 2947 1773 2999 obsecro
1798 2947 2065 3009 lectorem,

296 3061 341 3112 ²³⁴)
372 3059 611 3105 Chronicae
640 3062 860 3113 videlicet,
893 3076 1024 3117 quam
1047 3061 1218 3115 Regino
1249 3060 1468 3116 quondam
1500 3060 1636 3103 abbas
1667 3060 1923 3103 Pruniensis
1954 3073 2067 3103 eom-

370 3118 519 3170 posuit
549 3119 655 3161 add.
685 3120 748 3169 (A
761 3118 807 3170 .9)
838 3120 881 3162 A
906 3123 945 3161 1.

202 3197 237 3237 a)
262 3199 440 3233 Praefatio
462 3201 555 3232 deest
576 3202 614 3231 in
636 3201 752 3232 codice
773 3201 804 3232 A
819 3202 850 3241 2,
873 3203 963 3232 totus
975 3202 1057 3241 sere
1074 3202 1176 3241 prior
1200 3202 1285 3232 liber
1308 3202 1345 3231 in
1368 3201 1397 3231 A
1413 3201 1443 3232 3.
1547 3199 1585 3239 b)
1608 3200 1815 3239 adalperoni
1838 3200 1868 3229 A
1886 3202 1918 3238 13
1945 3199 2067 3229 adhal-

201 3241 327 3272 baroni
343 3242 405 3281 (B)
428 3243 460 3273 B
477 3246 508 3274 1.
526 3244 562 3282 2;
586 3243 820 3274 adhalberoni
844 3245 875 3273 Β
897 3244 930 3275 3.
998 3243 1032 3283 c)
1057 3243 1171 3274 literis
1194 3243 1224 3273 A
1249 3245 1278 3274 1.
1348 3243 1383 3282 d)
1404 3243 1576 3281 probetur
1590 3243 1621 3273 A
1639 3245 1673 3278 13
1697 3243 1914 3281 abprobetur
1938 3242 1969 3271 Β
1986 3244 2013 3272 l.
2034 3241 2065 3270 2.

203 3282 236 3332 9)
276 3284 534 3316 condemnetur
555 3284 586 3315 A
611 3288 640 3316 1.
729 3286 759 3325 f)
796 3294 1011 3316 consumans
1034 3287 1078 3316 Β.
1169 3284 1206 3325 g)
1248 3288 1392 3331 ceptum
1415 3286 1456 3316 Β.
1547 3284 1588 3324 h)
1626 3283 1956 3323 historiophgraphi
1979 3284 2011 3313 B
2034 3284 2063 3313 2.

201 3324 229 3364 1)
252 3325 343 3356 deest
365 3327 398 3357 Β
422 3329 453 3358 1.
562 3326 601 3366 k)
627 3327 718 3358 nihil
741 3329 772 3359 B
796 3330 826 3359 1.
851 3329 882 3359 3.
994 3328 1019 3367 Ι)
1042 3328 1158 3358 literis
1182 3328 1213 3358 A
1237 3330 1268 3358 1.
1378 3326 1428 3363 m)
1450 3327 1542 3358 deest
1565 3327 1595 3357 A
1620 3329 1649 3358 1.
1760 3326 1800 3366 n)
1823 3327 1870 3357 Et
1892 3326 1957 3356 tibi
1979 3326 2011 3355 Β
2034 3326 2065 3354 2.

203 3366 238 3407 ο)
260 3367 384 3398 stilum
407 3369 437 3400 A
461 3370 490 3399 1.
538 3367 576 3408 p)
598 3370 715 3400 lacius
739 3371 781 3400 Β.
844 3369 882 3409 q)
908 3370 1094 3409 exquenda
1117 3371 1148 3400 B
1166 3372 1201 3409 1;
1229 3377 1373 3408 exsequ.
1399 3370 1431 3400 B
1447 3369 1478 3400 3.
1539 3367 1571 3405 r)
1592 3369 1659 3400 hec
1684 3369 1715 3399 B
1731 3369 1763 3400 2.
1825 3368 1856 3408 s)
1880 3368 1964 3406 quia
1986 3367 2017 3396 Β
2034 3367 2064 3395 2.

206 3435 249 3488 1)
282 3437 549 3491 Auqustano
580 3438 833 3483 887—910.

1760 3524 1779 3564 1
