2491 3724
720 169 1129 215 coNTINUATIO
1162 157 1534 222 REGINoms..
1564 174 1614 217 A.
1641 176 1736 219 952.
2079 143 2185 221 165¹

291 298 346 348 in
384 296 782 347 matrimonium
820 312 1089 349 assumere
1127 313 1450 364 regnumque
1481 315 1602 350 cum
1634 316 1696 350 ea
1728 298 1884 350 simul
1915 299 2161 351 Italicum

290 366 570 433 adquirere
610 365 964 418 deliberavita.
1057 366 1209 430 Quod
1246 368 1348 419 iter
1384 366 1526 419 filius
1573 369 1686 421 eius
1724 368 2002 421 Liudolfus
2042 387 2162 421 cum

289 436 631 488 Alamannisb
683 437 980 504 anticipans
1032 438 1299 504 patrique,
1354 438 1399 488 si
1451 439 1580 504 quid
1625 439 1699 491 ibi
1750 438 1820 490 ad
1863 440 2161 506 ingressum

287 504 442 558 suum
478 505 688 558 fortiter
733 512 1006 573 ageretur,
1052 506 1263 573 placere
1308 506 1618 560 desiderans
1662 509 1797 560 nihil
1833 509 1961 572 tale,
2019 509 2161 576 quod

288 582 607 643 speraverat,
640 577 884 643 peragite,
921 575 1013 628 sed
1036 577 1214 643 potius
1239 577 1597 629 inconsultum
1621 585 1828 645 patrem
1851 578 2154 632 offendens¹

284 647 452 699 totius
503 646 623 698 inde
676 646 981 698 rebellionis
1042 651 1094 697 et
1152 646 1452 698 discordiae
1513 650 1857 700 seminarium
1920 651 2159 717 sumpsit.

285 718 517 769 Patruus
557 716 696 768 enim
734 717 847 768 eius
878 716 1163 767 Heinricus
1201 716 1323 778 duit,
1363 718 1598 769 omnium
1637 719 1782 771 eiusd
1818 719 2075 771 honorum
2109 726 2160 772 et

283 787 700 854 prosperitatum
723 785 948 848 inviduS,
985 784 1049 837 de
1073 785 1315 837 Bawaria
1347 803 1441 852 per
1466 787 1769 840 Trientume
1800 789 2003 856 legatos
2034 807 2157 842 suos

283 857 525 923 premisit
563 857 617 907 in
649 856 861 907 Italiam
893 856 1249 923 omniumque,
1290 874 1513 923 quorum
1544 860 1731 928 potuit,
1773 866 1976 912 mentes
2008 860 2151 911 Itali-

282 943 464 979 corum
503 925 570 978 ab
603 942 662 978 eo
695 927 904 989 avertit,
941 926 998 976 in
1028 931 1252 988 tantum,
1293 932 1353 978 ut
1383 945 1478 980 nec
1510 930 1695 981 civitas
1727 947 1822 982 nec
1863 930 2154 993 castellum,

280 1014 418 1064 quae
465 996 849 1063 subsequenter
893 996 1036 1063 regis
1082 995 1372 1064 pistoribus
1420 1003 1471 1050 et
1510 1000 1650 1051 cocis
1688 1005 1998 1067 patuerant,
2045 999 2154 1052 filio

279 1068 419 1134 regis
457 1068 753 1133 aperiretur
792 1067 1072 1134 omniaque
1112 1067 1187 1119 ibi
1224 1068 1560 1121 incommoda
1600 1075 1653 1121 et
1689 1071 1844 1137 plena
1882 1070 2157 1123 molestias

276 1144 571 1204 pateretur.
633 1137 756 1189 Mox
789 1137 1172 1204 subsequenter
1201 1155 1295 1189 rex
1325 1155 1548 1206 regnum
1580 1140 1828 1192 Italicum
1858 1140 2154 1208 ingreditur

278 1208 496 1274 Deoque
537 1207 641 1259 sibi
670 1208 953 1260 assistente
990 1209 1158 1260 totius
1189 1208 1376 1261 Italiae
1406 1227 1681 1276 possessor
1712 1210 1955 1264 efficitur.
2019 1211 2154 1264 Sedg

277 1283 330 1330 et
353 1277 548 1330 domna
567 1278 894 1341 Adalheidis,
922 1279 1033 1330 Deo
1057 1278 1304 1330 amabilis
1328 1281 1527 1347 regina,
1555 1298 1651 1332 sua
1675 1282 1843 1349 ipsius
1867 1281 2151 1349 prudentia

277 1366 310 1400 a
348 1348 588 1400 custodia
626 1354 707 1400 est
736 1349 848 1400 Deo
886 1350 1118 1416 propitio
1157 1349 1387 1402 liberata
1426 1355 1478 1402 et
1510 1351 1693 1403 Ottoni
1724 1354 1837 1419 regi
1866 1352 2009 1404 felici
2040 1353 2150 1404 Deo

277 1420 587 1486 auspicante
642 1419 829 1486 copula
882 1420 1216 1473 coniunctah.
1306 1421 1451 1472 Tunc
1502 1421 1784 1474 Liudolfus
1837 1422 1944 1474 dux
2002 1422 2148 1486 haee,

271 1506 408 1556 quae
445 1490 871 1556 prescripsimUS‚
919 1506 1074 1557 aegre
1121 1489 1297 1541 ferens
1342 1490 1644 1543 inconsulto
1691 1497 1844 1559 patre
1889 1493 2150 1559 archiepi—

272 1576 434 1627 scopo
473 1559 744 1611 Friderico
784 1560 978 1612 comite
1016 1561 1072 1612 in
1107 1561 1341 1626 patriam
1379 1562 1681 1615 revertitur.

1143 1683 1278 1743 952.

415 1782 763 1835 DCCCCLII.
809 1800 903 1835 rex
949 1783 1166 1849 expulso
1212 1783 1531 1851 Berengario
1578 1803 1697 1837 cum
1744 1786 1854 1837 suis
1899 1785 2145 1839 fidelibus
2177 1795 2257 1839 951
2289 1802 2451 1836 Dec.25.

270 1853 511 1905 hiemans
558 1854 614 1905 in
652 1853 813 1905 Italia
846 1853 1048 1925 ‘Papiae
1093 1854 1272 1906 natale
1310 1854 1524 1906 Domini
1569 1855 1870 1908 celebravit.
1954 1856 2145 1924 Sicque

270 1924 544 1992 dispositis
592 1924 764 1990 regnii
816 1924 1043 1990 negotiis
1090 1941 1250 1976 verno
1297 1931 1536 1992 tempore
1584 1927 1639 1977 in
1689 1926 1922 1993 patriam
1967 1927 2141 1991 rediit,

267 1994 456 2046 ducem
495 1999 671 2046 autem
703 1993 1082 2045 Cuonradumk
1117 1994 1187 2046 ad
1223 1996 1648 2062 persequendum
1676 1997 2056 2064 Berengarium
2087 1999 2143 2050 in

267 2064 429 2116 Italia
452 2064 685 2132 reliquit.
746 2063 1026 2116 Liudolfus
1052 2063 1162 2116 dux
1186 2064 1249 2116 de
1273 2065 1432 2118 Italia
1462 2073 1729 2120 revertens
1761 2069 1905 2134 regio
1937 2067 2142 2120 ambitu

267 2135 447 2187 natale
488 2134 704 2186 Domini
743 2133 1062 2187 Salefeld¹-2
1100 2134 1413 2198 celebravit.
1460 2136 1552 2188 ubi
1589 2136 1921 2190 Fridericum
1967 2139 2139 2190 archi-

268 2205 577 2272 episcopum
622 2222 931 2272 omnesque,
980 2205 1072 2272 qui
1117 2206 1172 2256 in
1209 2212 1458 2274 promptu
1497 2213 1670 2271 erant,
1716 2209 1866 2275 regni
1912 2209 2138 2261 maiores

263 2292 446 2327 secum
483 2275 729 2329 detinuit.
820 2274 972 2337 Quod
1025 2277 1318 2328 convivium
1363 2278 1469 2328 iam
1513 2278 1698 2330 multis
1747 2279 2138 2345 suspitiosumm

266 2346 445 2412 coepit
468 2345 670 2410 haberi,
697 2350 748 2397 et
769 2345 890 2413 plus
913 2345 988 2398 ibi
1012 2345 1388 2398 destructionis
1414 2364 1574 2414 quam
1602 2349 1850 2401 utilitatis
1867 2344 2137 2401 ferebatur

262 2416 500 2469 tractari.
599 2416 914 2469 Cuonradon
972 2416 1105 2468 duce
1165 2416 1234 2469 ad
1284 2418 1706 2486 persequendum
1757 2419 2134 2487 Berengarium
2165 2428 2259 2470 95³2.

262 2485 468 2548 relict0‚
521 2486 875 2553 Berengarius
928 2487 1164 2538 eiusdem
1217 2486 1366 2540 ducis
1420 2489 1639 2540 consilio
1692 2495 1879 2555 sponte
1931 2507 2027 2542 sua
2080 2491 2135 2541 in

265 2555 588 2608 Saxoniam3
618 2555 686 2607 ad
714 2573 892 2622 regem
922 2557 1081 2609 venit.
1157 2557 1306 2608 Nihil
1334 2563 1515 2609 tamen
1553 2559 1616 2610 de
1647 2559 1746 2621 his,
1787 2577 1923 2627 quae
1955 2560 2131 2623 voluit,

262 2626 509 2690 obtinuit,
551 2626 646 2678 sed
683 2626 1079 2679 machinatione
1109 2626 1348 2679 Heinrici
1386 2628 1536 2680 ducis
1574 2628 1788 2681 fratris0
1818 2630 1904 2680 vix
1934 2630 2042 2681 vita
2081 2636 2134 2682 et

260 2697 438 2764 patria
478 2696 688 2748 indulta
726 2697 782 2748 in
819 2696 1029 2748 Italiam
1061 2697 1243 2763 rediit3
1283 2698 1452 2749 unde⁰
1483 2698 1645 2750 etiam
1679 2698 1993 2751 Cuonradus
2024 2699 2131 2751 dux

260 2767 486 2818 multum
539 2766 771 2819 offensus
831 2783 863 2818 a
915 2765 1094 2819 debita
1145 2768 1320 2834 regisP
1376 2767 1630 2820 fidelitate
1684 2768 1893 2821 defecit.
1984 2769 2128 2820 Tunc

263 2836 565 2888 Fridericus
596 2836 1026 2904 archiepiscopus
1058 2842 1110 2888 et
1141 2836 1455 2890 Cuonradus
1495 2838 1602 2890 dux
1640 2840 1800 2890 amici
1830 2839 1959 2891 facti
1990 2846 2126 2902 sunt,

258 2970 294 3008 a)
319 2977 505 3001 assumere
528 2969 711 3000 nitebatur
733 2969 868 3000 omissis
891 2969 1016 3001 mediis
1039 2969 1069 3000 A
1085 2970 1115 3001 3.
1177 2969 1215 3010 b)
1239 2971 1442 3001 alemannis
1465 2972 1495 3003 A
1515 2974 1543 3002 1.
1613 2972 1645 3011 0)
1670 2971 1761 3003 deest
1783 2973 1813 3003 A
1830 2972 1861 3003 3.
1930 2971 1966 3011 d)
1990 2977 2025 3002 et
2047 2973 2077 3003 A
2094 2973 2124 3004 3.

258 3012 294 3051 e)
317 3012 489 3044 trienium
511 3012 542 3043 A
559 3015 591 3043 1.
679 3011 709 3051 f)
733 3012 880 3042 molesti
903 3011 934 3042 A
951 3014 980 3042 1.
1071 3012 1108 3051 g)
1132 3012 1453 3044 Sed—coniuncta
1476 3013 1601 3044 desunt
1623 3015 1654 3045 A
1669 3015 1702 3045 3.
1791 3015 1829 3054 h)
1861 3015 2025 3045 coniucta.
2049 3015 2126 3054 (pro

259 3053 440 3093 coniucta)
465 3057 526 3085 aut
549 3055 717 3085 conuicta
739 3053 817 3091 (pro
841 3054 1047 3092 convincta)
1072 3056 1102 3086 A
1121 3057 1150 3085 1.
1233 3057 1261 3094 1)
1285 3056 1550 3095 regni—rediit
1574 3065 1614 3087 ea:
1648 3056 1859 3088 Widukiudo
1882 3057 1912 3087 A
1928 3058 1947 3088 3
1970 3059 2123 3088 mutavit.

257 3095 297 3136 k)
322 3105 419 3127 conr.
445 3096 476 3127 A
491 3097 510 3127 3
533 3105 673 3136 semper.
750 3096 776 3134 1)
804 3095 967 3127 saleveld
989 3096 1020 3127 A
1036 3097 1067 3127 3.
1143 3095 1193 3136 m)
1218 3102 1430 3136 suspectum
1453 3099 1483 3129 A
1499 3099 1529 3129 3.
1606 3098 1643 3138 n)
1668 3099 1793 3129 chunr.
1820 3099 1850 3129 A
1867 3101 1883 3130 1
1908 3098 2033 3130 abhinc
2048 3099 2125 3137 fere

255 3147 410 3177 semper,·
438 3138 735 3171 Cuonr.—venit
752 3138 877 3170 desunt
893 3138 962 3170 A3.
1018 3137 1053 3178 o)
1077 3138 1385 3171 unde—multum
1402 3149 1442 3171 ex
1464 3139 1604 3171 widuk.
1624 3141 1683 3172 A3
1699 3142 1852 3172 mutavit.
1899 3141 1937 3180 p)
1960 3141 2036 3180 regi
2052 3142 2122 3173 A3.

259 3244 301 3294 1)
332 3243 616 3287 Auctoritate
645 3244 813 3288 codicis
844 3244 887 3287 A
906 3246 970 3288 la
998 3246 1127 3288 nisus
1159 3245 1542 3289 Maurenbreeher
1568 3245 1679 3295 (‘De
1708 3247 1937 3290 historicis
1967 3246 2126 3288 decimi

256 3299 398 3341 seculi
417 3300 744 3354 scriptoribus’,
777 3301 886 3344 diss.
910 3302 1057 3344 Bonn.
1084 3302 1210 3352 1861,
1236 3315 1286 3356 p.
1303 3304 1356 3346 16
1386 3317 1430 3345 n.
1448 3303 1524 3350 32)
1554 3303 1674 3346 hunc
1697 3304 1839 3346 locum
1863 3304 1927 3346 ita
1951 3308 2122 3345 mutare

257 3355 422 3397 voluit.-
468 3358 749 3411 patremque,
787 3358 827 3400 si
856 3378 913 3386 —-
943 3360 1172 3412 ageretur,
1211 3358 1387 3412 placare
1418 3357 1669 3401 desiderans
1701 3359 1816 3401 nihil
1847 3381 1900 3387 —
1932 3357 2120 3411 peregit,

258 3423 303 3452 se
333 3409 479 3463 potius
510 3411 808 3455 inconsultum
837 3414 957 3466 patri
989 3413 1222 3457 ostendens
1232 3430 1242 3464 3
1273 3427 1400 3468 que-m
1430 3428 1520 3458 ozon
1543 3416 1810 3470 sequendum
1841 3427 1933 3458 esse
1956 3424 2119 3456 censeo.

257 3466 300 3517 2)
331 3464 539 3517 Saalfeld
567 3468 615 3510 in
648 3468 915 3523 Thurinyz'a.
1030 3471 1073 3522 3)
1105 3471 1483 3526 Maydebwyum.
