2491 3724
53 1531 72 1550 *²
90 1543 128 1572 Vp.
148 1532 220 1564 601.

702 179 1029 225 REGINONIS
1064 179 1425 224 CHRONICON.
1485 179 1536 222 A.
1563 181 1658 224 889.
2030 181 2111 226 133

244 306 479 359 tionibus
517 306 831 372 irrumpunt,
872 315 1199 373 perpaucosa
1235 304 1428 372 gladio,
1468 304 1634 355 multa
1671 303 1821 355 milia
1862 305 2112 371 sagittisb

245 377 578 439 interimunt,
619 392 752 443 quas
791 381 942 427 tanta
980 381 1093 427 arte
1134 393 1198 426 ex
1235 376 1440 427 corneis
1479 374 1708 426 arcubus
1749 373 2006 441 dirigunt,
2055 380 2114 426 ut

247 465 428 500 earum
466 448 604 498 ictus
641 447 727 498 vix
764 448 1034 512 precaveri
1071 446 1253 512 possit.

387 531 640 575 Comminus
680 530 817 573 enim
849 531 896 572 in
926 531 1018 573 acie
1049 530 1232 583 preliari
1271 531 1346 572 aut
1377 529 1571 572 obsessas
1605 542 1853 582 expugnare
1883 528 2012 571 urbes
2043 542 2115 571 ne-

245 589 404 632 sciunt.
479 588 688 642 Pugnant
727 589 830 630 autc
869 586 1224 640 procurrentibus
1263 586 1385 641 equis
1425 589 1502 628 aut
1538 589 1667 639 terga
1707 585 1935 633 dantibus,
1984 598 2112 638 saepe

247 646 382 688 etiam
414 643 566 699 fugam
598 643 823 686 simulant.
890 642 982 684 Nec
1013 655 1211 696 pugnare
1243 641 1319 683 diu
1348 644 1551 694 possunt:
1593 644 1784 683 ceterum
1817 640 2116 683 intolerandid

245 701 408 751 forent,
448 702 505 751 si,
545 703 734 755 quantus
773 701 839 741 est
877 699 1087 751 impetus,
1127 698 1192 739 vis
1230 700 1359 739 tanta
1391 700 1435 740 et
1464 698 1791 750 perseverantia
1823 700 1950 739 esset.
2018 697 2116 739 Ple-

245 770 431 812 rumque
461 757 508 799 in
538 757 632 810 ipso
664 754 816 798 ardore
849 754 1101 796 certaminis
1133 754 1274 807 prelia
1306 753 1512 796 deserunt
1544 767 1591 796 ac
1616 754 1746 807 paulo
1771 756 1869 806 post
1893 762 2116 806 pugname

246 827 296 856 ex
296 813 324 911 ζ
353 814 458 867 fuga
481 814 698 866 repetunt,
730 814 792 861 ut,
825 818 955 852 cumg
977 810 1166 852 maxime
1190 810 1345 852 vicisse
1369 812 1413 852 te
1437 813 1578 863 puteS,
1611 813 1714 852 tunc
1739 810 1825 852 tibi
1850 809 2116 853 discrimenh

245 884 295 911 su
329 869 518 912 eundum
549 868 622 910 sit.

389 939 624 1001 Quorum
668 952 868 1003 pugna,
917 951 1020 1001 quo
1068 936 1260 986 ceteris
1308 934 1550 1000 gentibus
1597 935 1875 996 inusitata,
1932 937 2016 987 eoi
2067 939 2119 986 et

243 1008 606 1076 periculosior.
662 1007 808 1058 Inter
836 1005 1026 1058 horum
1056 1011 1109 1057 et
1131 1005 1433 1057 Brittonum.
1464 1004 1800 1057 conflictumk
1829 1004 1930 1057 hoc
1954 1023 2119 1056 unum

244 1082 489 1142 interest,
544 1076 684 1145 quod
722 1076 801 1128 illi
840 1075 1152 1140 misilibus1,
1205 1076 1295 1127 isti
1348 1076 1557 1141 sagittis
1595 1080 1833 1127 utuntur.
1923 1075 2119 1128 Vivunt

245 1166 352 1200 non
389 1149 678 1209 hominum,
719 1146 812 1199 sed
849 1147 1128 1199 beluarum
1168 1162 1326 1198 more.
1418 1146 1680 1199 Carnibus
1720 1145 2004 1212 siquidem,
2058 1151 2120 1197 ut

246 1221 390 1271 fama
413 1225 510 1283 est,
536 1218 715 1270 crudis
740 1222 1039 1280 vescuntur,
1074 1217 1384 1283 sanguinem
1407 1216 1609 1280 bibunt,
1644 1216 1806 1268 corda
1829 1216 2117 1280 hominum,

246 1307 380 1357 quos
433 1290 671 1358 capiunt,
731 1289 1096 1356 particulatim
1158 1286 1454 1339 dividentes
1507 1287 1669 1339 veluti
1729 1303 1824 1353 pro
1883 1287 2118 1339 remedio

247 1362 518 1424 devorant,
558 1359 705 1411 nulla
742 1359 1081 1410 miseratione
1120 1355 1422 1420 flectuntur,
1461 1358 1622 1408 nullis
1659 1357 1876 1424 pietatis
1909 1358 2119 1409 visceri-

245 1432 343 1483 bus
369 1435 774 1483 commoventur.
824 1429 1130 1496 Capillumm
1155 1445 1322 1494 usque
1347 1427 1415 1479 ad
1439 1433 1647 1480 cutemn
1670 1428 1841 1479 ferro⁰
1874 1427 2117 1480 caedunt.

390 1514 574 1572 [Equisp
599 1515 718 1557 omni
740 1516 937 1567 tempore
967 1511 1260 1566 vectan*tu1·;]
1293 1526 1422 1567 super
1444 1513 1544 1556 illos
1568 1513 1645 1562 ire,
1679 1513 1958 1562 consisterem,
1983 1512 2121 1555 medi-

246 1573 334 1616 tari
346 1582 364 1603 1·
395 1586 444 1615 ac
483 1572 675 1626 colloqui
714 1571 871 1613 solent.
931 1570 1112 1613 Liberos
1145 1583 1201 1612 ac
1232 1583 1409 1612 servos
1441 1584 1538 1613 suos
1570 1570 1771 1625 equitare
1804 1571 1848 1611 et
1870 1570 2119 1623 sagittareS

247 1643 411 1684 magna
441 1628 662 1671 industria
693 1626 863 1670 docent.
922 1627 1107 1681 Ingenia
1138 1626 1259 1668 illis
1291 1626 1485 1677 tumida,
1518 1626 1744 1673 seditiosa,
1794 1625 2119 1676 fraudulentat-‚

246 1686 463 1740 procatia:
518 1684 677 1740 quippe
732 1683 948 1726 eandem
1002 1682 1347 1726 ferocitatem
1394 1682 1612 1725 feminis
1667 1695 1821 1738 quam
1866 1682 1999 1724 viris
2047 1681 2119 1725 ad-

248 1741 470 1797 signantl.
542 1741 722 1794 Semper
752 1740 798 1782 in
831 1742 1028 1783 externos
1061 1742 1137 1782 aut
1169 1740 1215 1781 in
1247 1739 1504 1782 domesticos
1536 1741 1680 1782 motus
1711 1738 1919 1792 inquieti,
1960 1740 2119 1781 natura

247 1806 424 1855 weitin,
457 1804 512 1848 ad
541 1803 792 1847 faciendum
825 1817 955 1859 quam
988 1801 1043 1845 ad
1075 1801 1341 1845 dicendumv
1371 1803 1674 1856 promptiores.
1750 1793 1921 1844 Huius
1958 1794 2121 1860 igitur

248 1867 703 1919 nefandissimaeW
763 1867 932 1932 gentis
993 1864 1341 1916 crudelitateX
1392 1881 1498 1914 non
1559 1863 1732 1914 solum
1794 1871 2120 1915 memoratae

247 1939 506 2005 regioneS,
553 1953 736 1989 verum
774 1936 937 1988 etiam
978 1935 1165 1986 Italiae
1203 1933 1460 2002 regnum2
1498 1951 1562 1985 ex
1598 1934 1930 2002 permaxima
1966 1938 2120 2002 parte

248 2010 619 2061 devastatumy
658 2011 752 2059 est.

390 2079 590 2131 Eodem
643 2094 780 2129 anno
833 2075 1178 2128 Nortmanniz
1231 2092 1263 2126 a
1313 2073 1576 2127 Senonica
1627 2073 1756 2126 urbe
1812 2073 2118 2126 recedentes

249 2150 420 2201 denuo
466 2148 705 2200 Parisius
752 2165 870 2199 cum
916 2145 1161 2198 omnibus
1208 2146 1373 2213 copiis
1419 2144 1790 2197 devenerunt3.
1843 2144 1950 2196 'Et
2002 2161 2122 2198 cum.

248 2221 354 2272 illis
400 2219 716 2272 descensusa
759 2217 994 2269 fluminis
1034 2234 1065 2268 a
1104 2216 1308 2268 civibus
1348 2216 1561 2268 omnino
1598 2215 1955 2278 inhiberetur,
2003 2233 2122 2266 rur-

249 2308 340 2343 sus
372 2295 549 2342 castra
577 2294 794 2356 ponunt,
828 2289 1096 2340 civitatem
1124 2288 1254 2339 totis
1285 2287 1485 2338 viribus
1513 2287 1822 2354 inpugnant,
1855 2284 1948 2337 sed
1979 2286 2120 2339 Deob

251 2378 403 2429 opem
431 2361 634 2413 ferente
664 2359 798 2411 nihil
826 2358 1113 2426 prevalent.
1175 2357 1482 2409 Transactis
1505 2357 1691 2424 paucis
1715 2355 1901 2408 diebus
1926 2356 2121 2408 iterum

251 2432 553 2498 Sequanam
590 2448 708 2482 cum
750 2430 919 2482 classe
958 2428 1267 2492 ascendunt,
1318 2433 1369 2480 et
1407 2428 1707 2479 Matronam
1750 2425 2004 2479 fluvium4
2042 2426 2120 2477 in-

249 2502 549 2569 gredientes
573 2501 766 2552 Trecas
791 2499 1096 2551 civitatem5
1119 2498 1365 2551 incendio
1398 2503 1636 2550 cremant
1667 2502 1718 2549 et
1741 2513 1909 2565 usque
1925 2495 2121 2549 Virdu—

249 2589 466 2624 nensem
490 2588 551 2623 ac
569 2570 867 2622 Tullensem
892 2568 1051 2621 urbes
1076 2574 1267 2621 cuncta
1284 2569 1698 2635 circumquaque
1716 2567 2119 2635 depopulantur.

250 2684 287 2724 a)
322 2685 513 2724 perpaucis
547 2683 611 2722 (A)
647 2683 725 2714 Al.
758 2684 820 2722 (B)
858 2684 943 2723 B2;
981 2683 1171 2720 perpaucis
1209 2692 1296 2712 corr.
1329 2689 1524 2720 perpaucos
1557 2681 1635 2711 Β1.
1745 2679 1784 2719 b)
1824 2680 1950 2713 sagitis
1984 2679 2062 2709 Β1.
2087 2679 2117 2708 2.

252 2727 285 2767 c)
309 2731 429 2758 autem
452 2728 483 2759 A
501 2729 536 2761 1:
567 2726 659 2757 deest
681 2726 712 2756 A
727 2726 758 2756 3.
847 2723 885 2765 d)
906 2724 1136 2756 intollerandi
1159 2725 1190 2754 Β
1207 2725 1237 2755 2.
1328 2722 1363 2763 e)
1395 2731 1515 2762 pugna
1538 2723 1570 2753 B
1586 2725 1617 2753 2.
1708 2721 1736 2761 f)
1761 2725 1795 2752 et
1818 2722 1848 2752 A
1866 2725 1894 2753 1.
1984 2726 2022 2758 g)
2047 2722 2120 2751 uim

251 2771 282 2801 A
300 2773 332 2801 1.
355 2771 387 2800 Β
403 2771 435 2800 2.
523 2767 564 2808 h)
590 2769 729 2799 crimen
754 2768 785 2798 Β
801 2768 832 2799 2.
920 2767 948 2806 i)
977 2766 1072 2796 deest
1096 2767 1126 2797 B
1143 2767 1172 2797 2.
1270 2764 1310 2804 k)
1341 2766 1555 2796 confrictum
1579 2765 1610 2795 Β
1628 2767 1656 2795 1.
1754 2764 1781 2803 l)
1813 2763 2017 2794 missilibus
2039 2763 2071 2793 Β
2087 2763 2117 2794 3.

251 2812 302 2851 111)
325 2812 475 2850 capillos
498 2811 529 2841 Β
545 2812 577 2841 3.
686 2809 724 2850 11)
758 2810 868 2840 uitem
892 2809 922 2840 A
941 2812 971 2839 1.
995 2809 1026 2838 Β
1044 2811 1072 2839 1.
1098 2809 1134 2847 2;
1166 2809 1341 2838 verticem
1366 2809 1397 2838 Β
1413 2809 1443 2839 3.
1554 2808 1588 2846 o)
1621 2806 1986 2838 ferro—consistere.
2011 2804 2121 2836 medi-

253 2855 375 2885 desunt
397 2855 429 2885 B
444 2855 463 2884 2
487 2854 573 2892 (una
597 2854 689 2883 linea-
712 2854 863 2891 omissa).
967 2856 1003 2890 p)
1041 2851 1410 2889 Equis—vectantur,
1441 2858 1529 2888 quae
1556 2850 1591 2879 in
1615 2849 1770 2879 omnibus
1794 2848 1893 2879 codd.
1920 2848 2051 2884 desunt,
2077 2856 2118 2878 ea:

254 2897 387 2927 Iustino
410 2896 511 2927 Pertz
533 2896 716 2934 supplevit.
799 2894 834 2934 q)
858 2893 1034 2932 meditari,
1058 2894 1257 2924 consistere
1282 2892 1312 2922 A
1331 2896 1359 2923 l.
1440 2892 1472 2931 r)
1495 2891 1562 2922 tari
1586 2892 1616 2921 Β
1633 2892 1668 2930 2;
1701 2891 1827 2922 metari
1851 2891 1882 2921 B
1898 2891 1935 2927 33
1968 2890 2121 2920 mercari

253 2940 341 2970 coni.
366 2939 459 2970 Riihl
483 2937 724 2977 (Verbrez'tuny
747 2936 806 2967 des
829 2937 996 2973 lustinus,
1022 2946 1062 2975 p.
1078 2936 1146 2974 13).
1244 2934 1276 2973 s)
1316 2935 1472 2972 sagitare
1497 2935 1528 2964 Β
1546 2935 1576 2964 1.
1601 2934 1631 2964 2.
1746 2932 1772 2972 t)
1811 2932 2014 2964 fradulenta
2039 2933 2070 2963 Β
2088 2934 2117 2962 1.

253 2980 292 3020 11)
321 2982 415 3012 tatiti
438 2982 515 3011 B2.
626 2980 664 3017 v)
696 2978 899 3010 ducendum
922 2979 952 3009 A
970 2980 1000 3009 1.
1026 2979 1057 3009 Β
1073 2979 1111 3015 2;
1144 2977 1227 3007 duc.
1254 2986 1342 3007 corr.
1368 2977 1436 3008 dic.
1462 2977 1493 3007 Β
1511 2979 1540 3006 1.
1659 2974 1704 3014 w)
1734 2975 2014 3019 nefrandissime
2040 2974 2071 3005 B
2088 2976 2117 3004 1.

253 3024 292 3063 x)
315 3024 406 3055 deest
428 3024 460 3054 A
479 3025 513 3063 13
544 3021 601 3053 Ab
625 3023 677 3054 eis
698 3030 770 3053 non
794 3021 913 3053 solum
936 3021 966 3052 A
983 3021 1016 3051 3.
1105 3019 1142 3060 y)
1167 3019 1392 3050 devestatum
1417 3019 1448 3049 Β
1466 3021 1495 3049 1.
1521 3019 1552 3048 2.
1635 3017 1670 3057 z)
1693 3017 1883 3048 normanni
1905 3024 1994 3048 corr.
2022 3015 2123 3047 nord·

253 3067 376 3097 manni
399 3066 430 3097 B
447 3069 476 3097 1.
567 3063 602 3105 a)
625 3065 806 3096 aecensus
830 3073 916 3095 corr.
943 3063 1016 3095 alia
1037 3071 1143 3093 manu
1166 3061 1338 3092 decursus
1364 3062 1394 3091 Β
1410 3061 1440 3092 2.
1530 3059 1566 3098 b)
1590 3059 1670 3090 ideo
1694 3060 1724 3090 A
1743 3062 1771 3091 1.

256 3152 297 3201 1)
330 3150 691 3204 Corrumpuntur
712 3149 887 3193 Iit-stim
915 3148 1073 3191 verba:
1121 3147 1282 3203 quippe
1306 3145 1565 3188 violentiam
1588 3144 1707 3194 viris,
1739 3141 2120 3186 mansuetudinem

255 3206 515 3249 mulieribus
557 3206 810 3261 adsignant.
937 3205 980 3257 2)
1026 3205 1229 3247 Primum
1271 3217 1314 3247 a.
1346 3203 1448 3252 898,
1494 3207 1545 3244 ut
1584 3206 1749 3244 terram
1794 3203 2120 3254 coynoscerent,

263 3263 435 3317 Unyari
459 3277 598 3316 usque
629 3264 691 3306 ad
712 3264 928 3307 Brentam
957 3262 1130 3304 venisse
1161 3260 1398 3312 dicuntum
1430 3272 1472 3301 α.
1495 3258 1724 3302 899-900
1753 3258 1939 3301 Italiam
1969 3255 2120 3299 crude-

257 3319 421 3362 lissime
451 3320 810 3373 devastaverunt,
840 3332 880 3361 v.
909 3317 1034 3367 infra
1064 3332 1106 3360 α.
1129 3318 1227 3360 901.
1323 3316 1366 3368 3)
1406 3314 1496 3358 Ubi
1522 3315 1737 3359 tributum
1770 3328 1797 3356 a
1828 3313 1988 3356 Carolo
2013 3323 2119 3364 pro-

255 3375 443 3418 missum
481 3381 748 3430 acceperunt
783 3390 824 3420 a.
857 3375 940 3419 887
978 3387 1126 3417 mense
1163 3373 1316 3417 BIaio:
1362 3376 1511 3415 tamen
1551 3384 1640 3414 non
1683 3370 2000 3417 discesserunt,
2043 3365 2122 3408 sed

255 3431 402 3538 ἕξηᾶιξο
427 3432 603 3485 passim
629 3432 853 3486 praedari
881 3435 1141 3486 coeperunt;
1179 3429 1416 3473 Dizmmler
1444 3427 1546 3475 III,
1578 3428 1663 3470 278
1686 3440 1749 3481 sq.
1864 3424 1907 3475 4)
1940 3424 2118 3465 blame.

369 3500 510 3541 reyes.

2140 536 2228 567 Iust.
2248 537 2342 577 XLI,
2367 538 2396 569 2.

2144 1518 2193 1549 ib.
2219 1518 2314 1556 XLI,
2341 1519 2370 1549 3.

2143 1576 2191 1606 ib.
2219 1583 2249 1606 c.
2268 1576 2298 1605 2.

2143 1632 2193 1663 ib.
2219 1639 2252 1662 c.
2269 1631 2299 1662 3.

2151 2080 2284 2135 (887).
