<?xml version="1.0" encoding="UTF-8"?>
<!DOCTYPE html PUBLIC "-//W3C//DTD XHTML 1.0 Transitional//EN"
    "http://www.w3.org/TR/xhtml1/DTD/xhtml1-transitional.dtd">
<html xmlns="http://www.w3.org/1999/xhtml" xml:lang="en" lang="en">
 <head>
  <title>
</title>
<meta http-equiv="Content-Type" content="text/html;charset=utf-8" />
  <meta name='ocr-system' content='tesseract 3.04.00' />
  <meta name='ocr-capabilities' content='ocr_page ocr_carea ocr_par ocr_line ocrx_word'/>
</head>
<body>
  <div class='ocr_page' id='page_1' title='image "./reginonisabbatis00regiuoft_0015.png"; bbox 0 0 2491 3724; ppageno 0'>
   <div class='ocr_carea' id='block_1_1' title="bbox 779 173 2069 220">
    <p class='ocr_par' dir='ltr' id='par_1_1' title="bbox 779 173 2069 220">
     <span class='ocr_line' id='line_1_1' title="bbox 779 173 2069 220; baseline 0 0"><span class='ocrx_word' id='word_1_1' title='bbox 779 176 966 220; x_wconf 81' lang='lat' dir='ltr'>REGIN</span> <span class='ocrx_word' id='word_1_2' title='bbox 970 175 1070 220; x_wconf 87' lang='lat' dir='ltr'><em>ONI</em></span> <span class='ocrx_word' id='word_1_3' title='bbox 1077 176 1105 220; x_wconf 89' lang='lat' dir='ltr'>S</span> <span class='ocrx_word' id='word_1_4' title='bbox 1137 173 1496 220; x_wconf 86' lang='lat' dir='ltr'>CHRONICON.</span> <span class='ocrx_word' id='word_1_5' title='bbox 2006 176 2069 220; x_wconf 89' lang='lat' dir='ltr'><em>XI</em></span> 
     </span>
    </p>
   </div>
   <div class='ocr_carea' id='block_1_2' title="bbox 184 298 2077 3077">
    <p class='ocr_par' dir='ltr' id='par_1_2' title="bbox 201 298 2070 1046">
     <span class='ocr_line' id='line_1_2' title="bbox 204 298 2066 372; baseline -0.001 -21"><span class='ocrx_word' id='word_1_6' title='bbox 204 301 401 354; x_wconf 75' lang='lat' dir='ltr'><em>Scottus</em></span> <span class='ocrx_word' id='word_1_7' title='bbox 440 302 563 371; x_wconf 78' lang='lat' dir='ltr'><em>(SS.</em></span> <span class='ocrx_word' id='word_1_8' title='bbox 604 304 665 371; x_wconf 97' lang='lat' dir='ltr'><em>V)</em></span> <span class='ocrx_word' id='word_1_9' title='bbox 705 323 727 354; x_wconf 95' lang='lat' dir='ltr'><em>e</em></span> <span class='ocrx_word' id='word_1_10' title='bbox 767 304 935 355; x_wconf 84' lang='lat' dir='ltr'><em>codice</em></span> <span class='ocrx_word' id='word_1_11' title='bbox 975 304 1023 353; x_wconf 88' lang='lat' dir='ltr'><em>B</em></span> <span class='ocrx_word' id='word_1_12' title='bbox 1048 304 1140 372; x_wconf 76' lang='lat'><em>29,</em></span> <span class='ocrx_word' id='word_1_13' title='bbox 1184 301 1340 353; x_wconf 79' lang='lat' dir='ltr'><em>Gesta</em></span> <span class='ocrx_word' id='word_1_14' title='bbox 1386 301 1710 351; x_wconf 83' lang='lat' dir='ltr'><em>Trevirorum</em></span> <span class='ocrx_word' id='word_1_15' title='bbox 1751 298 1871 367; x_wconf 78' lang='lat' dir='ltr'><em>(SS.</em></span> <span class='ocrx_word' id='word_1_16' title='bbox 1914 301 2066 369; x_wconf 82' lang='lat' dir='ltr'><em>VIII)</em></span> 
     </span>
     <span class='ocr_line' id='line_1_3' title="bbox 203 384 2070 458; baseline -0.002 -20"><span class='ocrx_word' id='word_1_17' title='bbox 203 406 226 438; x_wconf 92' lang='lat' dir='ltr'><em>e</em></span> <span class='ocrx_word' id='word_1_18' title='bbox 280 387 449 438; x_wconf 84' lang='lat' dir='ltr'><em>codice</em></span> <span class='ocrx_word' id='word_1_19' title='bbox 503 388 631 453; x_wconf 75' lang='lat'><em>132,</em></span> <span class='ocrx_word' id='word_1_20' title='bbox 695 388 847 458; x_wconf 74' lang='lat' dir='ltr'><em>Huqo</em></span> <span class='ocrx_word' id='word_1_21' title='bbox 898 387 1318 438; x_wconf 81' lang='lat' dir='ltr'><em>Flaviniacensis</em></span> <span class='ocrx_word' id='word_1_22' title='bbox 1371 384 1495 453; x_wconf 77' lang='lat' dir='ltr'><em>(SS.</em></span> <span class='ocrx_word' id='word_1_23' title='bbox 1547 385 1720 452; x_wconf 85' lang='lat' dir='ltr'><em>VIII),</em></span> <span class='ocrx_word' id='word_1_24' title='bbox 1787 385 2070 435; x_wconf 77' lang='lat' dir='ltr'><em>Chronicon</em></span> 
     </span>
     <span class='ocr_line' id='line_1_4' title="bbox 202 469 2069 540; baseline -0.002 -19"><span class='ocrx_word' id='word_1_25' title='bbox 202 471 742 540; x_wconf 42' lang='lat' dir='ltr'><em>Reichersberyensek·</em></span> <span class='ocrx_word' id='word_1_26' title='bbox 804 491 973 540; x_wconf 83' lang='lat' dir='ltr'><em>pauca</em></span> <span class='ocrx_word' id='word_1_27' title='bbox 1024 470 1255 521; x_wconf 77' lang='lat' dir='ltr'><em>indidem</em></span> <span class='ocrx_word' id='word_1_28' title='bbox 1307 477 1629 537; x_wconf 86' lang='lat' dir='ltr'><em>sumpserunt</em></span> <span class='ocrx_word' id='word_1_29' title='bbox 1667 470 1740 537; x_wconf 88' lang='lat' dir='ltr'><em>(a.</em></span> <span class='ocrx_word' id='word_1_30' title='bbox 1782 469 1898 522; x_wconf 87' lang='lat'><em>801.</em></span> <span class='ocrx_word' id='word_1_31' title='bbox 1939 469 2069 537; x_wconf 84' lang='lat' dir='ltr'><em>sqq.)</em></span> 
     </span>
     <span class='ocr_line' id='line_1_5' title="bbox 209 552 2066 621; baseline -0.001 -16"><span class='ocrx_word' id='word_1_32' title='bbox 209 556 507 608; x_wconf 79' lang='lat' dir='ltr'><em>Translatio</em></span> <span class='ocrx_word' id='word_1_33' title='bbox 545 565 589 607; x_wconf 93' lang='lat' dir='ltr'><em>et</em></span> <span class='ocrx_word' id='word_1_34' title='bbox 628 556 895 607; x_wconf 76' lang='lat' dir='ltr'><em>Miracula</em></span> <span class='ocrx_word' id='word_1_35' title='bbox 932 555 983 608; x_wconf 80' lang='lat' dir='ltr'><em>S.</em></span> <span class='ocrx_word' id='word_1_36' title='bbox 1013 553 1221 605; x_wconf 84' lang='lat' dir='ltr'><em>Genesii</em></span> <span class='ocrx_word' id='word_1_37' title='bbox 1260 552 1381 621; x_wconf 76' lang='lat' dir='ltr'><em>(SS.</em></span> <span class='ocrx_word' id='word_1_38' title='bbox 1411 553 1464 602; x_wconf 92' lang='lat' dir='ltr'><em>X</em></span> <span class='ocrx_word' id='word_1_39' title='bbox 1475 552 1558 619; x_wconf 81' lang='lat' dir='ltr'><em>V),</em></span> <span class='ocrx_word' id='word_1_40' title='bbox 1607 554 1721 604; x_wconf 83' lang='lat' dir='ltr'><em>item</em></span> <span class='ocrx_word' id='word_1_41' title='bbox 1759 554 1830 603; x_wconf 84' lang='lat' dir='ltr'><em>ad</em></span> <span class='ocrx_word' id='word_1_42' title='bbox 1868 571 1915 606; x_wconf 88' lang='lat' dir='ltr'><em>a.</em></span> <span class='ocrx_word' id='word_1_43' title='bbox 1948 552 2066 603; x_wconf 78' lang='lat'><em>890.</em></span> 
     </span>
     <span class='ocr_line' id='line_1_6' title="bbox 201 635 2070 708; baseline -0.002 -18"><span class='ocrx_word' id='word_1_44' title='bbox 201 649 247 691; x_wconf 91' lang='lat' dir='ltr'><em>et</em></span> <span class='ocrx_word' id='word_1_45' title='bbox 284 640 401 691; x_wconf 76' lang='lat'><em>902.</em></span> <span class='ocrx_word' id='word_1_46' title='bbox 456 639 681 708; x_wconf 68' lang='lat' dir='ltr'><em>May-nus</em></span> <span class='ocrx_word' id='word_1_47' title='bbox 731 638 1231 706; x_wconf 74' lang='lat' dir='ltr'><em>Reiclzersberqensis</em></span> <span class='ocrx_word' id='word_1_48' title='bbox 1284 635 1406 705; x_wconf 78' lang='lat' dir='ltr'><em>(SS.</em></span> <span class='ocrx_word' id='word_1_49' title='bbox 1444 636 1650 704; x_wconf 81' lang='lat' dir='ltr'><em>XVII),</em></span> <span class='ocrx_word' id='word_1_50' title='bbox 1729 636 2070 704; x_wconf 76' lang='lat' dir='ltr'><em>Maneqoldus</em></span> 
     </span>
     <span class='ocr_line' id='line_1_7' title="bbox 203 719 2069 788; baseline -0.002 -13"><span class='ocrx_word' id='word_1_51' title='bbox 203 725 263 776; x_wconf 89' lang='lat' dir='ltr'><em>de</em></span> <span class='ocrx_word' id='word_1_52' title='bbox 305 723 589 774; x_wconf 76' lang='lat' dir='ltr'><em>Lutinbach</em></span> <span class='ocrx_word' id='word_1_53' title='bbox 638 724 693 772; x_wconf 90' lang='lat' dir='ltr'><em>in</em></span> <span class='ocrx_word' id='word_1_54' title='bbox 743 722 874 773; x_wconf 79' lang='lat' dir='ltr'><em>libro</em></span> <span class='ocrx_word' id='word_1_55' title='bbox 923 722 994 772; x_wconf 84' lang='lat' dir='ltr'><em>ad</em></span> <span class='ocrx_word' id='word_1_56' title='bbox 1037 720 1390 772; x_wconf 80' lang='lat' dir='ltr'><em>Gebehardum</em></span> <span class='ocrx_word' id='word_1_57' title='bbox 1439 721 1629 788; x_wconf 84' lang='lat' dir='ltr'><em>scripto</em></span> <span class='ocrx_word' id='word_1_58' title='bbox 1674 739 1712 774; x_wconf 78' lang='lat' dir='ltr'><em>c,</em></span> <span class='ocrx_word' id='word_1_59' title='bbox 1747 720 1826 771; x_wconf 82' lang='lat'><em>29.</em></span> <span class='ocrx_word' id='word_1_60' title='bbox 1869 729 1913 771; x_wconf 93' lang='lat' dir='ltr'><em>et</em></span> <span class='ocrx_word' id='word_1_61' title='bbox 1949 721 2018 771; x_wconf 87' lang='grc'><em>44</em></span> <span class='ocrx_word' id='word_1_62' title='bbox 2033 719 2069 772; x_wconf 78' lang='lat'><em>2.</em></span> 
     </span>
     <span class='ocr_line' id='line_1_8' title="bbox 205 805 2070 877; baseline -0.002 -18"><span class='ocrx_word' id='word_1_63' title='bbox 205 808 497 877; x_wconf 76' lang='lat' dir='ltr'><em>Siqebertus</em></span> <span class='ocrx_word' id='word_1_64' title='bbox 535 825 728 876; x_wconf 85' lang='lat' dir='ltr'><em>quoque</em></span> <span class='ocrx_word' id='word_1_65' title='bbox 772 805 1151 859; x_wconf 78' lang='lat' dir='ltr'><em>Gemblacensis</em></span> <span class='ocrx_word' id='word_1_66' title='bbox 1197 805 1321 873; x_wconf 78' lang='lat' dir='ltr'><em>(SS.</em></span> <span class='ocrx_word' id='word_1_67' title='bbox 1361 808 1452 872; x_wconf 89' lang='lat' dir='ltr'><em>VI)</em></span> <span class='ocrx_word' id='word_1_68' title='bbox 1487 806 1717 875; x_wconf 83' lang='lat' dir='ltr'><em>fortasse</em></span> <span class='ocrx_word' id='word_1_69' title='bbox 1757 808 2070 875; x_wconf 71' lang='lat' dir='ltr'><em>Reqinonem</em></span> 
     </span>
     <span class='ocr_line' id='line_1_9' title="bbox 201 890 2070 960; baseline -0.001 -17"><span class='ocrx_word' id='word_1_70' title='bbox 201 894 370 960; x_wconf 88' lang='lat' dir='ltr'><em>ipsum</em></span> <span class='ocrx_word' id='word_1_71' title='bbox 405 890 666 958; x_wconf 80' lang='lat' dir='ltr'><em>noverat3,</em></span> <span class='ocrx_word' id='word_1_72' title='bbox 704 892 792 943; x_wconf 84' lang='lat' dir='ltr'><em>sed</em></span> <span class='ocrx_word' id='word_1_73' title='bbox 829 911 905 956; x_wconf 78' lang='lat' dir='ltr'><em>ea,</em></span> <span class='ocrx_word' id='word_1_74' title='bbox 945 911 1072 959; x_wconf 85' lang='lat' dir='ltr'><em>quae</em></span> <span class='ocrx_word' id='word_1_75' title='bbox 1102 892 1166 943; x_wconf 83' lang='lat' dir='ltr'><em>ab</em></span> <span class='ocrx_word' id='word_1_76' title='bbox 1205 892 1297 944; x_wconf 78' lang='lat' dir='ltr'><em>illo</em></span> <span class='ocrx_word' id='word_1_77' title='bbox 1329 900 1584 943; x_wconf 80' lang='lat' dir='ltr'><em>mutuatus</em></span> <span class='ocrx_word' id='word_1_78' title='bbox 1614 892 1816 942; x_wconf 83' lang='lat' dir='ltr'><em>videtur</em></span> <span class='ocrx_word' id='word_1_79' title='bbox 1853 909 1968 955; x_wconf 84' lang='lat' dir='ltr'><em>esse,</em></span> <span class='ocrx_word' id='word_1_80' title='bbox 2009 909 2070 941; x_wconf 72' lang='lat' dir='ltr'><em>ea:</em></span> 
     </span>
     <span class='ocr_line' id='line_1_10' title="bbox 201 976 1465 1046; baseline 0 -20"><span class='ocrx_word' id='word_1_81' title='bbox 201 976 497 1028; x_wconf 73' lang='lat' dir='ltr'><em>Annalibus</em></span> <span class='ocrx_word' id='word_1_82' title='bbox 537 977 865 1028; x_wconf 82' lang='lat' dir='ltr'><em>Mettensibus</em></span> <span class='ocrx_word' id='word_1_83' title='bbox 896 978 1063 1046; x_wconf 88' lang='lat' dir='ltr'><em>petita</em></span> <span class='ocrx_word' id='word_1_84' title='bbox 1100 995 1205 1029; x_wconf 85' lang='lat' dir='ltr'><em>esse</em></span> <span class='ocrx_word' id='word_1_85' title='bbox 1236 984 1465 1045; x_wconf 84' lang='lat' dir='ltr'><em>possunt.</em></span> 
     </span>
    </p>

    <p class='ocr_par' dir='ltr' id='par_1_3' title="bbox 201 1058 2071 1293">
     <span class='ocr_line' id='line_1_11' title="bbox 347 1058 2069 1130; baseline -0.002 -18"><span class='ocrx_word' id='word_1_86' title='bbox 347 1061 553 1113; x_wconf 79' lang='lat' dir='ltr'><em>Codices</em></span> <span class='ocrx_word' id='word_1_87' title='bbox 589 1080 747 1112; x_wconf 86' lang='lat' dir='ltr'><em>manu</em></span> <span class='ocrx_word' id='word_1_88' title='bbox 783 1063 989 1130; x_wconf 81' lang='lat' dir='ltr'><em>scripti,</em></span> <span class='ocrx_word' id='word_1_89' title='bbox 1038 1063 1098 1112; x_wconf 90' lang='lat' dir='ltr'><em>de</em></span> <span class='ocrx_word' id='word_1_90' title='bbox 1145 1061 1326 1129; x_wconf 83' lang='lat' dir='ltr'><em>quibus</em></span> <span class='ocrx_word' id='word_1_91' title='bbox 1371 1060 1439 1129; x_wconf 90' lang='lat' dir='ltr'><em>cf.</em></span> <span class='ocrx_word' id='word_1_92' title='bbox 1481 1061 1663 1111; x_wconf 80' lang='lat' dir='ltr'><em>‘Neues</em></span> <span class='ocrx_word' id='word_1_93' title='bbox 1700 1060 1909 1110; x_wconf 77' lang='lat' dir='ltr'><em>Arckiv’</em></span> <span class='ocrx_word' id='word_1_94' title='bbox 1950 1058 2069 1123; x_wconf 86' lang='lat' dir='ltr'><em>XV,</em></span> 
     </span>
     <span class='ocr_line' id='line_1_12' title="bbox 201 1144 2071 1213; baseline -0.002 -15"><span class='ocrx_word' id='word_1_95' title='bbox 201 1145 303 1198; x_wconf 77' lang='lat'><em>295</em></span> <span class='ocrx_word' id='word_1_96' title='bbox 320 1147 519 1211; x_wconf 80' lang='lat'>-312,</span> <span class='ocrx_word' id='word_1_97' title='bbox 550 1147 606 1197; x_wconf 90' lang='lat' dir='ltr'><em>in</em></span> <span class='ocrx_word' id='word_1_98' title='bbox 631 1147 763 1197; x_wconf 89' lang='lat' dir='ltr'><em>duas</em></span> <span class='ocrx_word' id='word_1_99' title='bbox 787 1146 972 1197; x_wconf 78' lang='lat' dir='ltr'><em>classes</em></span> <span class='ocrx_word' id='word_1_100' title='bbox 994 1145 1314 1209; x_wconf 80' lang='lat' dir='ltr'><em>dividuntur,</em></span> <span class='ocrx_word' id='word_1_101' title='bbox 1346 1163 1564 1213; x_wconf 88' lang='lat' dir='ltr'><em>quarum</em></span> <span class='ocrx_word' id='word_1_102' title='bbox 1596 1145 1763 1195; x_wconf 79' lang='lat' dir='ltr'><em>altera</em></span> <span class='ocrx_word' id='word_1_103' title='bbox 1788 1144 2071 1212; x_wconf 76' lang='lat' dir='ltr'><em>Reqinonis</em></span> 
     </span>
     <span class='ocr_line' id='line_1_13' title="bbox 201 1228 2001 1293; baseline -0.002 -13"><span class='ocrx_word' id='word_1_104' title='bbox 201 1231 472 1282; x_wconf 75' lang='lat' dir='ltr'><em>chronicon</em></span> <span class='ocrx_word' id='word_1_105' title='bbox 510 1249 619 1281; x_wconf 88' lang='lat' dir='ltr'><em>cum</em></span> <span class='ocrx_word' id='word_1_106' title='bbox 661 1231 1054 1293; x_wconf 75' lang='lat' dir='ltr'><em>continuatione,</em></span> <span class='ocrx_word' id='word_1_107' title='bbox 1093 1229 1259 1280; x_wconf 81' lang='lat' dir='ltr'><em>altera</em></span> <span class='ocrx_word' id='word_1_108' title='bbox 1305 1231 1438 1280; x_wconf 85' lang='lat' dir='ltr'><em>idem</em></span> <span class='ocrx_word' id='word_1_109' title='bbox 1477 1230 1584 1280; x_wconf 89' lang='lat' dir='ltr'><em>sine</em></span> <span class='ocrx_word' id='word_1_110' title='bbox 1623 1228 1721 1278; x_wconf 79' lang='lat' dir='ltr'><em>illa</em></span> <span class='ocrx_word' id='word_1_111' title='bbox 1760 1229 2001 1278; x_wconf 86' lang='lat' dir='ltr'><em>continet:</em></span> 
     </span>
    </p>

    <p class='ocr_par' dir='ltr' id='par_1_4' title="bbox 198 1312 2071 1551">
     <span class='ocr_line' id='line_1_14' title="bbox 344 1312 2071 1380; baseline -0.001 -16"><span class='ocrx_word' id='word_1_112' title='bbox 344 1314 408 1365; x_wconf 89' lang='lat' dir='ltr'><em>A.</em></span> <span class='ocrx_word' id='word_1_113' title='bbox 489 1315 657 1367; x_wconf 71' lang='lat' dir='ltr'><em>Codex</em></span> <span class='ocrx_word' id='word_1_114' title='bbox 691 1314 754 1377; x_wconf 75' lang='lat' dir='ltr'><em>A,</em></span> <span class='ocrx_word' id='word_1_115' title='bbox 804 1315 839 1364; x_wconf 91' lang='lat' dir='ltr'><em>i.</em></span> <span class='ocrx_word' id='word_1_116' title='bbox 877 1332 915 1364; x_wconf 93' lang='lat' dir='ltr'><em>e.</em></span> <span class='ocrx_word' id='word_1_117' title='bbox 969 1314 1343 1365; x_wconf 84' lang='lat' dir='ltr'><em>continuatoris</em></span> <span class='ocrx_word' id='word_1_118' title='bbox 1383 1312 1708 1380; x_wconf 79' lang='lat' dir='ltr'><em>(Adalberti)</em></span> <span class='ocrx_word' id='word_1_119' title='bbox 1756 1312 1884 1363; x_wconf 80' lang='lat' dir='ltr'><em>liber</em></span> <span class='ocrx_word' id='word_1_120' title='bbox 1933 1320 2071 1362; x_wconf 87' lang='lat' dir='ltr'><em>auto-</em></span> 
     </span>
     <span class='ocr_line' id='line_1_15' title="bbox 198 1397 2068 1468; baseline -0.001 -19"><span class='ocrx_word' id='word_1_121' title='bbox 198 1400 440 1468; x_wconf 73' lang='lat' dir='ltr'><em>9raphus,</em></span> <span class='ocrx_word' id='word_1_122' title='bbox 493 1417 634 1466; x_wconf 86' lang='lat' dir='ltr'><em>quem</em></span> <span class='ocrx_word' id='word_1_123' title='bbox 685 1418 733 1449; x_wconf 86' lang='grc' dir='ltr'><em>α.</em></span> <span class='ocrx_word' id='word_1_124' title='bbox 768 1398 886 1452; x_wconf 82' lang='grc'><strong>968.</strong></span> <span class='ocrx_word' id='word_1_125' title='bbox 927 1398 983 1448; x_wconf 87' lang='lat' dir='ltr'><em>in</em></span> <span class='ocrx_word' id='word_1_126' title='bbox 1023 1397 1312 1449; x_wconf 78' lang='lat' dir='ltr'><em>Saoconiam</em></span> <span class='ocrx_word' id='word_1_127' title='bbox 1361 1416 1527 1449; x_wconf 88' lang='lat' dir='ltr'><em>secum</em></span> <span class='ocrx_word' id='word_1_128' title='bbox 1575 1397 1775 1449; x_wconf 85' lang='lat' dir='ltr'><em>videtur</em></span> <span class='ocrx_word' id='word_1_129' title='bbox 1817 1405 2068 1465; x_wconf 83' lang='lat' dir='ltr'><em>portasse,</em></span> 
     </span>
     <span class='ocr_line' id='line_1_16' title="bbox 199 1482 1287 1551; baseline 0 -18"><span class='ocrx_word' id='word_1_130' title='bbox 199 1502 298 1535; x_wconf 89' lang='lat' dir='ltr'><em>non</em></span> <span class='ocrx_word' id='word_1_131' title='bbox 336 1484 442 1534; x_wconf 88' lang='lat' dir='ltr'><em>iam</em></span> <span class='ocrx_word' id='word_1_132' title='bbox 481 1491 672 1548; x_wconf 76' lang='lat' dir='ltr'><em>eaestat‚·</em></span> <span class='ocrx_word' id='word_1_133' title='bbox 720 1502 782 1534; x_wconf 66' lang='lat' dir='ltr'><em>esc</em></span> <span class='ocrx_word' id='word_1_134' title='bbox 821 1502 874 1535; x_wconf 91' lang='lat' dir='ltr'><em>eo</em></span> <span class='ocrx_word' id='word_1_135' title='bbox 897 1482 1171 1551; x_wconf 71' lang='lat' dir='ltr'><em>fluoeevunt</em></span> <span class='ocrx_word' id='word_1_136' title='bbox 1208 1483 1287 1533; x_wconf 77' lang='lat' dir='ltr'><em>ki:</em></span> 
     </span>
    </p>

    <p class='ocr_par' dir='ltr' id='par_1_5' title="bbox 184 1567 2077 2467">
     <span class='ocr_line' id='line_1_17' title="bbox 343 1567 2070 1636; baseline 0.001 -18"><span class='ocrx_word' id='word_1_137' title='bbox 343 1567 391 1618; x_wconf 91' lang='lat' dir='ltr'><em>A</em></span> <span class='ocrx_word' id='word_1_138' title='bbox 419 1571 463 1620; x_wconf 95' lang='lat'><em>1.</em></span> <span class='ocrx_word' id='word_1_139' title='bbox 504 1567 660 1618; x_wconf 72' lang='lat' dir='ltr'><em>codem</em></span> <span class='ocrx_word' id='word_1_140' title='bbox 690 1567 1016 1619; x_wconf 81' lang='lat' dir='ltr'><em>Monacensis</em></span> <span class='ocrx_word' id='word_1_141' title='bbox 1047 1588 1096 1618; x_wconf 91' lang='lat' dir='ltr'><em>n.</em></span> <span class='ocrx_word' id='word_1_142' title='bbox 1122 1568 1277 1631; x_wconf 81' lang='lat'>6388,</span> <span class='ocrx_word' id='word_1_143' title='bbox 1319 1568 1453 1619; x_wconf 86' lang='lat' dir='ltr'><em>inter</em></span> <span class='ocrx_word' id='word_1_144' title='bbox 1484 1567 1838 1636; x_wconf 74' lang='lat' dir='ltr'><em>Frisinqenses</em></span> <span class='ocrx_word' id='word_1_145' title='bbox 1876 1587 1924 1620; x_wconf 91' lang='lat' dir='ltr'><em>n.</em></span> <span class='ocrx_word' id='word_1_146' title='bbox 1957 1569 2070 1630; x_wconf 77' lang='lat'><em>188,</em></span> 
     </span>
     <span class='ocr_line' id='line_1_18' title="bbox 199 1650 2074 1722; baseline -0.001 -19"><span class='ocrx_word' id='word_1_147' title='bbox 199 1671 326 1704; x_wconf 89' lang='lat' dir='ltr'><em>saec.</em></span> <span class='ocrx_word' id='word_1_148' title='bbox 353 1651 417 1703; x_wconf 92' lang='lat' dir='ltr'><em>X.</em></span> <span class='ocrx_word' id='word_1_149' title='bbox 500 1650 730 1703; x_wconf 87' lang='lat' dir='ltr'><em>Continet</em></span> <span class='ocrx_word' id='word_1_150' title='bbox 763 1661 877 1720; x_wconf 86' lang='lat' dir='ltr'><em>post</em></span> <span class='ocrx_word' id='word_1_151' title='bbox 915 1652 1133 1703; x_wconf 83' lang='lat' dir='ltr'><em>codicem</em></span> <span class='ocrx_word' id='word_1_152' title='bbox 1176 1652 1512 1722; x_wconf 82' lang='lat' dir='ltr'><em>Liudprandi</em></span> <span class='ocrx_word' id='word_1_153' title='bbox 1548 1653 1898 1705; x_wconf 80' lang='lat' dir='ltr'><em>Cremonensis</em></span> <span class='ocrx_word' id='word_1_154' title='bbox 1935 1660 2074 1702; x_wconf 91' lang='lat' dir='ltr'><em>auto-</em></span> 
     </span>
     <span class='ocr_line' id='line_1_19' title="bbox 199 1737 2072 1806; baseline 0 -19"><span class='ocrx_word' id='word_1_155' title='bbox 199 1738 453 1806; x_wconf 80' lang='lat' dir='ltr'><em>9raphum</em></span> <span class='ocrx_word' id='word_1_156' title='bbox 485 1737 770 1806; x_wconf 70' lang='lat' dir='ltr'><em>Reqinonis</em></span> <span class='ocrx_word' id='word_1_157' title='bbox 807 1738 1079 1788; x_wconf 77' lang='lat' dir='ltr'><em>chronicon</em></span> <span class='ocrx_word' id='word_1_158' title='bbox 1117 1757 1230 1790; x_wconf 90' lang='lat' dir='ltr'><em>cum</em></span> <span class='ocrx_word' id='word_1_159' title='bbox 1270 1740 1644 1791; x_wconf 76' lang='lat' dir='ltr'><em>continuatione</em></span> <span class='ocrx_word' id='word_1_160' title='bbox 1681 1739 1738 1788; x_wconf 89' lang='lat' dir='ltr'><em>in</em></span> <span class='ocrx_word' id='word_1_161' title='bbox 1780 1739 1845 1791; x_wconf 87' lang='lat'><em>14</em></span> <span class='ocrx_word' id='word_1_162' title='bbox 1875 1746 2072 1806; x_wconf 85' lang='lat' dir='ltr'><em>quater-</em></span> 
     </span>
     <span class='ocr_line' id='line_1_20' title="bbox 201 1821 2077 1891; baseline 0 -21"><span class='ocrx_word' id='word_1_163' title='bbox 201 1821 465 1885; x_wconf 83' lang='lat' dir='ltr'><em>nionibus‚·</em></span> <span class='ocrx_word' id='word_1_164' title='bbox 503 1839 658 1889; x_wconf 88' lang='lat' dir='ltr'><em>quam</em></span> <span class='ocrx_word' id='word_1_165' title='bbox 694 1830 894 1889; x_wconf 87' lang='lat' dir='ltr'><em>partem</em></span> <span class='ocrx_word' id='word_1_166' title='bbox 926 1823 1015 1873; x_wconf 85' lang='lat' dir='ltr'><em>sub</em></span> <span class='ocrx_word' id='word_1_167' title='bbox 1040 1822 1336 1874; x_wconf 77' lang='lat' dir='ltr'><em>Abrahamo</em></span> <span class='ocrx_word' id='word_1_168' title='bbox 1366 1824 1599 1891; x_wconf 83' lang='lat' dir='ltr'><em>episcopo</em></span> <span class='ocrx_word' id='word_1_169' title='bbox 1631 1822 1954 1890; x_wconf 73' lang='lat'><em>(957—993.</em></span> <span class='ocrx_word' id='word_1_170' title='bbox 1988 1830 2077 1872; x_wconf 86' lang='lat' dir='ltr'><em>aut</em></span> 
     </span>
     <span class='ocr_line' id='line_1_21' title="bbox 202 1905 2071 1973; baseline 0 -17"><span class='ocrx_word' id='word_1_171' title='bbox 202 1905 330 1971; x_wconf 84' lang='lat'><em>994)</em></span> <span class='ocrx_word' id='word_1_172' title='bbox 370 1913 638 1957; x_wconf 76' lang='lat' dir='ltr'><em>eoearatam</em></span> <span class='ocrx_word' id='word_1_173' title='bbox 679 1925 779 1957; x_wconf 88' lang='lat' dir='ltr'><em>esse</em></span> <span class='ocrx_word' id='word_1_174' title='bbox 817 1925 879 1957; x_wconf 72' lang='grc'><em>633</em></span> <span class='ocrx_word' id='word_1_175' title='bbox 916 1915 1037 1957; x_wconf 87' lang='lat' dir='ltr'><em>nota</em></span> <span class='ocrx_word' id='word_1_176' title='bbox 1071 1907 1345 1957; x_wconf 76' lang='lat' dir='ltr'><strong><em>ABRAM</em></strong></span> <span class='ocrx_word' id='word_1_177' title='bbox 1374 1905 1886 1959; x_wconf 73' lang='lat' dir='ltr'><em>EPISCOPOPUS</em></span> <span class='ocrx_word' id='word_1_178' title='bbox 1922 1906 2071 1973; x_wconf 71' lang='lat' dir='ltr'><em>(sicl)</em></span> 
     </span>
     <span class='ocr_line' id='line_1_22' title="bbox 201 1989 2075 2059; baseline 0 -19"><span class='ocrx_word' id='word_1_179' title='bbox 201 1991 256 2040; x_wconf 87' lang='lat' dir='ltr'><em>in</em></span> <span class='ocrx_word' id='word_1_180' title='bbox 292 1989 433 2058; x_wconf 76' lang='lat' dir='ltr'><em>folio</em></span> <span class='ocrx_word' id='word_1_181' title='bbox 475 1990 571 2041; x_wconf 79' lang='lat'><em>121</em></span> <span class='ocrx_word' id='word_1_182' title='bbox 622 1991 794 2058; x_wconf 86' lang='lat' dir='ltr'><em>posita</em></span> <span class='ocrx_word' id='word_1_183' title='bbox 841 1990 1171 2059; x_wconf 77' lang='lat' dir='ltr'><em>intelleqitur.</em></span> <span class='ocrx_word' id='word_1_184' title='bbox 1271 1992 1393 2042; x_wconf 89' lang='lat' dir='ltr'><em>Tres</em></span> <span class='ocrx_word' id='word_1_185' title='bbox 1435 1999 1551 2059; x_wconf 86' lang='lat' dir='ltr'><em>post</em></span> <span class='ocrx_word' id='word_1_186' title='bbox 1593 1991 1824 2059; x_wconf 86' lang='lat' dir='ltr'><em>primum</em></span> <span class='ocrx_word' id='word_1_187' title='bbox 1875 1999 2075 2058; x_wconf 85' lang='lat' dir='ltr'><em>quater-</em></span> 
     </span>
     <span class='ocr_line' id='line_1_23' title="bbox 199 2074 2074 2144; baseline 0.001 -20"><span class='ocrx_word' id='word_1_188' title='bbox 199 2074 374 2125; x_wconf 88' lang='lat' dir='ltr'><em>niones</em></span> <span class='ocrx_word' id='word_1_189' title='bbox 423 2075 606 2125; x_wconf 83' lang='lat' dir='ltr'><em>amissi</em></span> <span class='ocrx_word' id='word_1_190' title='bbox 653 2083 791 2139; x_wconf 84' lang='lat' dir='ltr'><em>sunt,</em></span> <span class='ocrx_word' id='word_1_191' title='bbox 840 2075 958 2126; x_wconf 90' lang='lat' dir='ltr'><em>item</em></span> <span class='ocrx_word' id='word_1_192' title='bbox 997 2075 1053 2125; x_wconf 89' lang='lat' dir='ltr'><em>in</em></span> <span class='ocrx_word' id='word_1_193' title='bbox 1087 2076 1196 2143; x_wconf 87' lang='lat' dir='ltr'><em>fine</em></span> <span class='ocrx_word' id='word_1_194' title='bbox 1244 2077 1409 2128; x_wconf 81' lang='lat' dir='ltr'><em>nescio</em></span> <span class='ocrx_word' id='word_1_195' title='bbox 1448 2085 1565 2144; x_wconf 86' lang='lat' dir='ltr'><em>quot</em></span> <span class='ocrx_word' id='word_1_196' title='bbox 1599 2076 1770 2144; x_wconf 79' lang='lat' dir='ltr'><em>folia:</em></span> <span class='ocrx_word' id='word_1_197' title='bbox 1813 2076 2074 2126; x_wconf 77' lang='lat' dir='ltr'><em>clauditur</em></span> 
     </span>
     <span class='ocr_line' id='line_1_24' title="bbox 196 2159 2073 2225; baseline 0 -15"><span class='ocrx_word' id='word_1_198' title='bbox 196 2159 330 2210; x_wconf 83' lang='lat' dir='ltr'><em>enim</em></span> <span class='ocrx_word' id='word_1_199' title='bbox 377 2159 544 2210; x_wconf 85' lang='lat' dir='ltr'><em>verbis</em></span> <span class='ocrx_word' id='word_1_200' title='bbox 591 2159 646 2209; x_wconf 86' lang='lat' dir='ltr'><em>in</em></span> <span class='ocrx_word' id='word_1_201' title='bbox 684 2160 925 2225; x_wconf 73' lang='lat' dir='ltr'><em>Augusta</em></span> <span class='ocrx_word' id='word_1_202' title='bbox 971 2159 1185 2211; x_wconf 77' lang='lat' dir='ltr'><em>civitate</em></span> <span class='ocrx_word' id='word_1_203' title='bbox 1233 2160 1519 2212; x_wconf 76' lang='lat' dir='ltr'><em>celebravit</em></span> <span class='ocrx_word' id='word_1_204' title='bbox 1566 2181 1613 2211; x_wconf 85' lang='grc' dir='ltr'><em>α.</em></span> <span class='ocrx_word' id='word_1_205' title='bbox 1654 2160 1772 2214; x_wconf 82' lang='grc'>967.</span> <span class='ocrx_word' id='word_1_206' title='bbox 1849 2160 1936 2210; x_wconf 70' lang='lat' dir='ltr'><em>Eae</em></span> <span class='ocrx_word' id='word_1_207' title='bbox 1985 2161 2073 2211; x_wconf 81' lang='lat' dir='ltr'><em>Izoc</em></span> 
     </span>
     <span class='ocr_line' id='line_1_25' title="bbox 199 2243 2074 2315; baseline 0.001 -22"><span class='ocrx_word' id='word_1_208' title='bbox 199 2243 423 2294; x_wconf 82' lang='lat' dir='ltr'><em>derivati</em></span> <span class='ocrx_word' id='word_1_209' title='bbox 469 2251 583 2294; x_wconf 89' lang='lat' dir='ltr'><em>sunt</em></span> <span class='ocrx_word' id='word_1_210' title='bbox 630 2252 814 2312; x_wconf 88' lang='lat' dir='ltr'><em>septem</em></span> <span class='ocrx_word' id='word_1_211' title='bbox 862 2244 1056 2295; x_wconf 85' lang='lat' dir='ltr'><em>codices</em></span> <span class='ocrx_word' id='word_1_212' title='bbox 1110 2244 1159 2294; x_wconf 87' lang='lat' dir='ltr'><strong><em>A</em></strong></span> <span class='ocrx_word' id='word_1_213' title='bbox 1186 2248 1404 2315; x_wconf 81' lang='lat' dir='ltr'><em>la—9‚</em></span> <span class='ocrx_word' id='word_1_214' title='bbox 1457 2264 1670 2314; x_wconf 83' lang='lat' dir='ltr'><em>quorum</em></span> <span class='ocrx_word' id='word_1_215' title='bbox 1719 2245 1891 2296; x_wconf 79' lang='lat' dir='ltr'><em>nullus</em></span> <span class='ocrx_word' id='word_1_216' title='bbox 1934 2246 2074 2295; x_wconf 82' lang='lat' dir='ltr'><em>ultra</em></span> 
     </span>
     <span class='ocr_line' id='line_1_26' title="bbox 184 2329 2071 2399; baseline 0 -19"><span class='ocrx_word' id='word_1_217' title='bbox 184 2329 345 2395; x_wconf 83' lang='lat' dir='ltr'><em>finem</em></span> <span class='ocrx_word' id='word_1_218' title='bbox 382 2329 531 2381; x_wconf 79' lang='lat' dir='ltr'><em>illius</em></span> <span class='ocrx_word' id='word_1_219' title='bbox 563 2330 873 2399; x_wconf 77' lang='lat' dir='ltr'><em>porriqitur,</em></span> <span class='ocrx_word' id='word_1_220' title='bbox 913 2349 1220 2399; x_wconf 84' lang='lat' dir='ltr'><em>quamquam</em></span> <span class='ocrx_word' id='word_1_221' title='bbox 1251 2339 1352 2382; x_wconf 88' lang='lat' dir='ltr'><em>tres</em></span> <span class='ocrx_word' id='word_1_222' title='bbox 1383 2332 1737 2399; x_wconf 73' lang='lat' dir='ltr'><em>quaterniones</em></span> <span class='ocrx_word' id='word_1_223' title='bbox 1775 2330 1830 2381; x_wconf 91' lang='lat' dir='ltr'><em>in</em></span> <span class='ocrx_word' id='word_1_224' title='bbox 1868 2330 1960 2381; x_wconf 79' lang='lat' dir='ltr'><em>illo</em></span> <span class='ocrx_word' id='word_1_225' title='bbox 1992 2330 2071 2380; x_wconf 84' lang='lat' dir='ltr'><em>de-</em></span> 
     </span>
     <span class='ocr_line' id='line_1_27' title="bbox 200 2413 1970 2467; baseline 0.002 -3"><span class='ocrx_word' id='word_1_226' title='bbox 200 2413 420 2465; x_wconf 82' lang='lat' dir='ltr'><em>siderati</em></span> <span class='ocrx_word' id='word_1_227' title='bbox 456 2415 513 2465; x_wconf 92' lang='lat' dir='ltr'><em>in</em></span> <span class='ocrx_word' id='word_1_228' title='bbox 550 2414 630 2466; x_wconf 80' lang='lat' dir='ltr'><em>his</em></span> <span class='ocrx_word' id='word_1_229' title='bbox 666 2433 767 2465; x_wconf 87' lang='lat' dir='ltr'><em>non</em></span> <span class='ocrx_word' id='word_1_230' title='bbox 806 2414 1000 2467; x_wconf 89' lang='lat' dir='ltr'><em>desunt.</em></span> <span class='ocrx_word' id='word_1_231' title='bbox 1963 2413 1970 2418; x_wconf 54' lang='lat'><em>⁷</em></span> 
     </span>
    </p>

    <p class='ocr_par' dir='ltr' id='par_1_6' title="bbox 201 2499 2074 2651">
     <span class='ocr_line' id='line_1_28' title="bbox 344 2499 2074 2567; baseline 0.001 -18"><span class='ocrx_word' id='word_1_232' title='bbox 344 2499 392 2549; x_wconf 92' lang='lat' dir='ltr'><strong><em>A</em></strong></span> <span class='ocrx_word' id='word_1_233' title='bbox 419 2503 507 2551; x_wconf 87' lang='lat' dir='ltr'><em>la.</em></span> <span class='ocrx_word' id='word_1_234' title='bbox 559 2499 717 2551; x_wconf 77' lang='lat' dir='ltr'><em>codeoe</em></span> <span class='ocrx_word' id='word_1_235' title='bbox 765 2499 1164 2553; x_wconf 81' lang='lat' dir='ltr'><em>Vindobonensis</em></span> <span class='ocrx_word' id='word_1_236' title='bbox 1201 2520 1249 2555; x_wconf 89' lang='lat' dir='ltr'><em>n.</em></span> <span class='ocrx_word' id='word_1_237' title='bbox 1285 2501 1388 2554; x_wconf 86' lang='lat'><em>408</em></span> <span class='ocrx_word' id='word_1_238' title='bbox 1427 2518 1555 2554; x_wconf 87' lang='lat' dir='ltr'><em>saec.</em></span> <span class='ocrx_word' id='word_1_239' title='bbox 1592 2500 1685 2550; x_wconf 89' lang='lat' dir='ltr'><em>XI.</em></span> <span class='ocrx_word' id='word_1_240' title='bbox 1737 2501 1818 2567; x_wconf 86' lang='lat' dir='ltr'><em>(in</em></span> <span class='ocrx_word' id='word_1_241' title='bbox 1857 2500 2074 2550; x_wconf 85' lang='lat' dir='ltr'><em>editione</em></span> 
     </span>
     <span class='ocr_line' id='line_1_29' title="bbox 201 2583 1567 2651; baseline 0.002 -19"><span class='ocrx_word' id='word_1_242' title='bbox 201 2583 395 2633; x_wconf 77' lang='lat' dir='ltr'><em>Pertzii</em></span> <span class='ocrx_word' id='word_1_243' title='bbox 431 2602 480 2633; x_wconf 90' lang='lat' dir='ltr'><em>n.</em></span> <span class='ocrx_word' id='word_1_244' title='bbox 507 2587 538 2636; x_wconf 87' lang='lat'>7</span> <span class='ocrx_word' id='word_1_245' title='bbox 576 2584 832 2651; x_wconf 76' lang='lat' dir='ltr'><em>siqnatus)</em></span> <span class='ocrx_word' id='word_1_246' title='bbox 871 2604 933 2636; x_wconf 72' lang='lat' dir='ltr'><em>esc</em></span> <span class='ocrx_word' id='word_1_247' title='bbox 971 2586 1277 2637; x_wconf 86' lang='lat' dir='ltr'><em>monasterio</em></span> <span class='ocrx_word' id='word_1_248' title='bbox 1315 2585 1567 2649; x_wconf 84' lang='lat' dir='ltr'><em>Admont‚·</em></span> 
     </span>
    </p>

    <p class='ocr_par' dir='ltr' id='par_1_7' title="bbox 200 2667 2076 2901">
     <span class='ocr_line' id='line_1_30' title="bbox 342 2667 2076 2736; baseline 0.001 -19"><span class='ocrx_word' id='word_1_249' title='bbox 342 2667 390 2717; x_wconf 88' lang='lat' dir='ltr'><strong><em>A</em></strong></span> <span class='ocrx_word' id='word_1_250' title='bbox 418 2671 443 2720; x_wconf 93' lang='lat'>1</span> <span class='ocrx_word' id='word_1_251' title='bbox 461 2667 503 2721; x_wconf 83' lang='lat' dir='ltr'><em>b.</em></span> <span class='ocrx_word' id='word_1_252' title='bbox 545 2668 701 2719; x_wconf 73' lang='lat' dir='ltr'><em>codem</em></span> <span class='ocrx_word' id='word_1_253' title='bbox 735 2667 1139 2721; x_wconf 83' lang='lat' dir='ltr'><em>Vindobonensis</em></span> <span class='ocrx_word' id='word_1_254' title='bbox 1162 2689 1209 2723; x_wconf 92' lang='lat' dir='ltr'><em>n.</em></span> <span class='ocrx_word' id='word_1_255' title='bbox 1229 2670 1333 2722; x_wconf 81' lang='lat'><em>538</em></span> <span class='ocrx_word' id='word_1_256' title='bbox 1357 2688 1486 2721; x_wconf 86' lang='lat' dir='ltr'><em>saec.</em></span> <span class='ocrx_word' id='word_1_257' title='bbox 1507 2669 1632 2722; x_wconf 89' lang='lat' dir='ltr'><em>XII.</em></span> <span class='ocrx_word' id='word_1_258' title='bbox 1673 2669 1753 2736; x_wconf 91' lang='lat' dir='ltr'><em>(in</em></span> <span class='ocrx_word' id='word_1_259' title='bbox 1776 2669 1852 2720; x_wconf 86' lang='lat' dir='ltr'><em>ed.</em></span> <span class='ocrx_word' id='word_1_260' title='bbox 1878 2668 2076 2719; x_wconf 81' lang='lat' dir='ltr'><em>Pertzii</em></span> 
     </span>
     <span class='ocr_line' id='line_1_31' title="bbox 200 2751 2074 2822; baseline 0.001 -20"><span class='ocrx_word' id='word_1_261' title='bbox 200 2772 246 2804; x_wconf 87' lang='lat' dir='ltr'><em>n.</em></span> <span class='ocrx_word' id='word_1_262' title='bbox 274 2751 333 2821; x_wconf 84' lang='lat'><em>9)</em></span> <span class='ocrx_word' id='word_1_263' title='bbox 383 2771 446 2804; x_wconf 71' lang='lat' dir='ltr'><em>esc</em></span> <span class='ocrx_word' id='word_1_264' title='bbox 495 2753 804 2803; x_wconf 87' lang='lat' dir='ltr'><em>monasterio</em></span> <span class='ocrx_word' id='word_1_265' title='bbox 846 2752 1123 2819; x_wconf 77' lang='lat' dir='ltr'><em>Go&#39;ttweih;</em></span> <span class='ocrx_word' id='word_1_266' title='bbox 1172 2773 1234 2806; x_wconf 73' lang='lat' dir='ltr'><em>esc</em></span> <span class='ocrx_word' id='word_1_267' title='bbox 1281 2756 1370 2805; x_wconf 77' lang='lat' dir='ltr'><em>hoc</em></span> <span class='ocrx_word' id='word_1_268' title='bbox 1419 2754 1665 2822; x_wconf 77' lang='lat' dir='ltr'><em>descripti</em></span> <span class='ocrx_word' id='word_1_269' title='bbox 1703 2753 1937 2804; x_wconf 85' lang='lat' dir='ltr'><em>videntur</em></span> <span class='ocrx_word' id='word_1_270' title='bbox 1974 2772 2074 2804; x_wconf 89' lang='lat' dir='ltr'><em>esse</em></span> 
     </span>
     <span class='ocr_line' id='line_1_32' title="bbox 202 2837 762 2901; baseline 0 -14"><span class='ocrx_word' id='word_1_271' title='bbox 202 2838 397 2889; x_wconf 89' lang='lat' dir='ltr'><em>codices</em></span> <span class='ocrx_word' id='word_1_272' title='bbox 435 2837 483 2886; x_wconf 93' lang='lat' dir='ltr'><strong><em>A</em></strong></span> <span class='ocrx_word' id='word_1_273' title='bbox 511 2841 580 2890; x_wconf 81' lang='lat'><em>10</em></span> <span class='ocrx_word' id='word_1_274' title='bbox 616 2845 661 2887; x_wconf 89' lang='lat' dir='ltr'><em>et</em></span> <span class='ocrx_word' id='word_1_275' title='bbox 698 2838 762 2901; x_wconf 77' lang='lat' dir='ltr'><em>d,-</em></span> 
     </span>
    </p>

    <p class='ocr_par' dir='ltr' id='par_1_8' title="bbox 198 2921 2074 3077">
     <span class='ocr_line' id='line_1_33' title="bbox 341 2921 2074 2989; baseline 0.001 -18"><span class='ocrx_word' id='word_1_276' title='bbox 341 2921 389 2971; x_wconf 96' lang='lat' dir='ltr'><strong><em>A</em></strong></span> <span class='ocrx_word' id='word_1_277' title='bbox 417 2926 497 2974; x_wconf 89' lang='lat' dir='ltr'><em>1c.</em></span> <span class='ocrx_word' id='word_1_278' title='bbox 540 2922 696 2973; x_wconf 67' lang='lat' dir='ltr'><em>codem</em></span> <span class='ocrx_word' id='word_1_279' title='bbox 737 2922 1128 2974; x_wconf 83' lang='lat' dir='ltr'><em>Vindobonensis</em></span> <span class='ocrx_word' id='word_1_280' title='bbox 1165 2942 1214 2973; x_wconf 87' lang='lat' dir='ltr'><em>n.</em></span> <span class='ocrx_word' id='word_1_281' title='bbox 1241 2923 1344 2975; x_wconf 81' lang='lat'><em>639</em></span> <span class='ocrx_word' id='word_1_282' title='bbox 1382 2943 1511 2977; x_wconf 85' lang='lat' dir='ltr'><em>saec.</em></span> <span class='ocrx_word' id='word_1_283' title='bbox 1539 2922 1691 2976; x_wconf 91' lang='lat' dir='ltr'><em>XIII.</em></span> <span class='ocrx_word' id='word_1_284' title='bbox 1732 2923 1954 2974; x_wconf 77' lang='lat' dir='ltr'><em>ineuntis</em></span> <span class='ocrx_word' id='word_1_285' title='bbox 1992 2923 2074 2989; x_wconf 84' lang='lat' dir='ltr'><em>(in</em></span> 
     </span>
     <span class='ocr_line' id='line_1_34' title="bbox 198 3005 1473 3077; baseline 0.001 -20"><span class='ocrx_word' id='word_1_286' title='bbox 198 3007 274 3061; x_wconf 84' lang='lat' dir='ltr'><em>ed.</em></span> <span class='ocrx_word' id='word_1_287' title='bbox 313 3006 512 3058; x_wconf 79' lang='lat' dir='ltr'><em>Pertzii</em></span> <span class='ocrx_word' id='word_1_288' title='bbox 548 3025 596 3060; x_wconf 90' lang='lat' dir='ltr'><em>n.</em></span> <span class='ocrx_word' id='word_1_289' title='bbox 625 3005 714 3072; x_wconf 87' lang='lat'><em>10)</em></span> <span class='ocrx_word' id='word_1_290' title='bbox 753 3025 816 3056; x_wconf 72' lang='lat' dir='ltr'><em>esc</em></span> <span class='ocrx_word' id='word_1_291' title='bbox 853 3008 1160 3058; x_wconf 86' lang='lat' dir='ltr'><em>monasterio</em></span> <span class='ocrx_word' id='word_1_292' title='bbox 1210 3007 1473 3077; x_wconf 75' lang='lat' dir='ltr'><em>Victrinq;</em></span> 
     </span>
    </p>
   </div>
   <div class='ocr_carea' id='block_1_3' title="bbox 199 3090 2074 3238">
    <p class='ocr_par' dir='ltr' id='par_1_9' title="bbox 199 3090 2074 3238">
     <span class='ocr_line' id='line_1_35' title="bbox 339 3090 2074 3160; baseline 0.001 -19"><span class='ocrx_word' id='word_1_293' title='bbox 339 3091 389 3141; x_wconf 94' lang='lat' dir='ltr'><strong><em>A</em></strong></span> <span class='ocrx_word' id='word_1_294' title='bbox 416 3091 507 3145; x_wconf 85' lang='lat' dir='ltr'><em>ld.</em></span> <span class='ocrx_word' id='word_1_295' title='bbox 546 3091 703 3142; x_wconf 73' lang='lat' dir='ltr'><em>codeoc</em></span> <span class='ocrx_word' id='word_1_296' title='bbox 732 3090 1328 3160; x_wconf 75' lang='lat' dir='ltr'><em>Claustroneoburqensis</em></span> <span class='ocrx_word' id='word_1_297' title='bbox 1357 3110 1485 3146; x_wconf 84' lang='lat' dir='ltr'><em>saec.</em></span> <span class='ocrx_word' id='word_1_298' title='bbox 1511 3091 1634 3144; x_wconf 85' lang='lat' dir='ltr'><em>XII.</em></span> <span class='ocrx_word' id='word_1_299' title='bbox 1670 3093 1751 3160; x_wconf 83' lang='lat' dir='ltr'><em>(in</em></span> <span class='ocrx_word' id='word_1_300' title='bbox 1775 3092 1850 3144; x_wconf 84' lang='lat' dir='ltr'><em>ed.</em></span> <span class='ocrx_word' id='word_1_301' title='bbox 1877 3092 2074 3144; x_wconf 70' lang='lat' dir='ltr'><em>Per-tzii</em></span> 
     </span>
     <span class='ocr_line' id='line_1_36' title="bbox 199 3174 398 3238; baseline 0.01 -14"><span class='ocrx_word' id='word_1_302' title='bbox 199 3193 248 3224; x_wconf 88' lang='lat' dir='ltr'><em>n.</em></span> <span class='ocrx_word' id='word_1_303' title='bbox 278 3174 368 3238; x_wconf 86' lang='grc'><em>11)</em></span> <span class='ocrx_word' id='word_1_304' title='bbox 377 3192 398 3238; x_wconf 79' lang='grc'><em>,·</em></span> 
     </span>
    </p>
   </div>
   <div class='ocr_carea' id='block_1_4' title="bbox 200 3271 2071 3399">
    <p class='ocr_par' dir='ltr' id='par_1_10' title="bbox 200 3271 2071 3399">
     <span class='ocr_line' id='line_1_37' title="bbox 202 3271 2071 3329; baseline 0.003 -15"><span class='ocrx_word' id='word_1_305' title='bbox 202 3271 244 3323; x_wconf 89' lang='lat'><em>1)</em></span> <span class='ocrx_word' id='word_1_306' title='bbox 276 3271 452 3317; x_wconf 84' lang='lat' dir='ltr'><em>Canisii</em></span> <span class='ocrx_word' id='word_1_307' title='bbox 479 3275 684 3318; x_wconf 82' lang='lat' dir='ltr'><em>lectiones</em></span> <span class='ocrx_word' id='word_1_308' title='bbox 715 3275 926 3329; x_wconf 78' lang='lat' dir='ltr'><em>antiquae</em></span> <span class='ocrx_word' id='word_1_309' title='bbox 956 3277 1057 3329; x_wconf 89' lang='lat' dir='ltr'><em>III,</em></span> <span class='ocrx_word' id='word_1_310' title='bbox 1089 3278 1128 3328; x_wconf 80' lang='lat'><em>2,</em></span> <span class='ocrx_word' id='word_1_311' title='bbox 1161 3276 1244 3319; x_wconf 80' lang='lat'><em>219</em></span> <span class='ocrx_word' id='word_1_312' title='bbox 1276 3281 1316 3320; x_wconf 87' lang='lat' dir='ltr'><em>et</em></span> <span class='ocrx_word' id='word_1_313' title='bbox 1351 3277 1429 3326; x_wconf 83' lang='lat' dir='ltr'><em>(ab</em></span> <span class='ocrx_word' id='word_1_314' title='bbox 1462 3292 1502 3319; x_wconf 84' lang='lat' dir='ltr'><em>a.</em></span> <span class='ocrx_word' id='word_1_315' title='bbox 1528 3277 1632 3328; x_wconf 77' lang='lat'><em>921)</em></span> <span class='ocrx_word' id='word_1_316' title='bbox 1663 3277 1773 3320; x_wconf 82' lang='lat' dir='ltr'><em>MG.</em></span> <span class='ocrx_word' id='word_1_317' title='bbox 1800 3277 1878 3320; x_wconf 82' lang='lat' dir='ltr'><em>SS.</em></span> <span class='ocrx_word' id='word_1_318' title='bbox 1906 3277 2071 3327; x_wconf 79' lang='lat' dir='ltr'><em>XVII,</em></span> 
     </span>
     <span class='ocr_line' id='line_1_38' title="bbox 200 3340 2064 3399; baseline 0.002 -15"><span class='ocrx_word' id='word_1_319' title='bbox 200 3340 284 3385; x_wconf 82' lang='lat'><em>443</em></span> <span class='ocrx_word' id='word_1_320' title='bbox 307 3355 394 3398; x_wconf 85' lang='lat' dir='ltr'><em>sqq.</em></span> <span class='ocrx_word' id='word_1_321' title='bbox 503 3344 546 3394; x_wconf 82' lang='lat'><em>2)</em></span> <span class='ocrx_word' id='word_1_322' title='bbox 577 3345 744 3387; x_wconf 79' lang='lat' dir='ltr'><em>Libelli</em></span> <span class='ocrx_word' id='word_1_323' title='bbox 766 3345 818 3388; x_wconf 87' lang='lat' dir='ltr'><em>de</em></span> <span class='ocrx_word' id='word_1_324' title='bbox 843 3346 914 3389; x_wconf 84' lang='lat' dir='ltr'><em>lite</em></span> <span class='ocrx_word' id='word_1_325' title='bbox 938 3347 980 3398; x_wconf 92' lang='lat' dir='ltr'><em>I,</em></span> <span class='ocrx_word' id='word_1_326' title='bbox 1005 3347 1101 3389; x_wconf 73' lang='lat'><em>362.</em></span> <span class='ocrx_word' id='word_1_327' title='bbox 1125 3347 1220 3389; x_wconf 84' lang='lat'><em>386.</em></span> <span class='ocrx_word' id='word_1_328' title='bbox 1291 3346 1357 3399; x_wconf 86' lang='lat' dir='ltr'><em>Cf.</em></span> <span class='ocrx_word' id='word_1_329' title='bbox 1385 3348 1518 3390; x_wconf 84' lang='lat' dir='ltr'><em>etiam</em></span> <span class='ocrx_word' id='word_1_330' title='bbox 1542 3347 1745 3399; x_wconf 77' lang='lat' dir='ltr'><em>Sdralek,</em></span> <span class='ocrx_word' id='word_1_331' title='bbox 1778 3346 1888 3390; x_wconf 84' lang='lat' dir='ltr'><em>‘Die</em></span> <span class='ocrx_word' id='word_1_332' title='bbox 1912 3347 2064 3390; x_wconf 79' lang='lat' dir='ltr'><em>Streit-</em></span> 
     </span>
    </p>
   </div>
   <div class='ocr_carea' id='block_1_5' title="bbox 202 3411 2066 3528">
    <p class='ocr_par' dir='ltr' id='par_1_11' title="bbox 202 3411 2066 3528">
     <span class='ocr_line' id='line_1_39' title="bbox 202 3411 2066 3469; baseline 0.002 -15"><span class='ocrx_word' id='word_1_333' title='bbox 202 3411 418 3463; x_wconf 76' lang='lat' dir='ltr'><em>schriften</em></span> <span class='ocrx_word' id='word_1_334' title='bbox 447 3413 687 3458; x_wconf 85' lang='lat' dir='ltr'><em>Altmanns</em></span> <span class='ocrx_word' id='word_1_335' title='bbox 716 3428 799 3458; x_wconf 83' lang='lat' dir='ltr'><em>von</em></span> <span class='ocrx_word' id='word_1_336' title='bbox 832 3416 1041 3459; x_wconf 83' lang='lat' dir='ltr'><em>Passau&#39;</em></span> <span class='ocrx_word' id='word_1_337' title='bbox 1067 3429 1115 3469; x_wconf 78' lang='lat' dir='ltr'><em>p.</em></span> <span class='ocrx_word' id='word_1_338' title='bbox 1142 3416 1376 3460; x_wconf 74' lang='lat'><em>129—131.</em></span> <span class='ocrx_word' id='word_1_339' title='bbox 1411 3418 1504 3460; x_wconf 80' lang='lat'><em>148.</em></span> <span class='ocrx_word' id='word_1_340' title='bbox 1622 3417 1666 3469; x_wconf 88' lang='grc'><em>3)</em></span> <span class='ocrx_word' id='word_1_341' title='bbox 1699 3416 1823 3465; x_wconf 80' lang='lat' dir='ltr'><em>Conf.</em></span> <span class='ocrx_word' id='word_1_342' title='bbox 1855 3417 1979 3469; x_wconf 77' lang='lat' dir='ltr'><em>infra</em></span> <span class='ocrx_word' id='word_1_343' title='bbox 2015 3416 2066 3458; x_wconf 77' lang='lat' dir='ltr'><em>de</em></span> 
     </span>
     <span class='ocr_line' id='line_1_40' title="bbox 202 3481 703 3528; baseline 0.008 -4"><span class='ocrx_word' id='word_1_344' title='bbox 202 3481 348 3524; x_wconf 82' lang='lat' dir='ltr'><em>codice</em></span> <span class='ocrx_word' id='word_1_345' title='bbox 379 3481 703 3528; x_wconf 81' lang='lat' dir='ltr'><em>Gemblacensi.</em></span> 
     </span>
    </p>
   </div>
  </div>
 </body>
</html>
