2491 3724
13 541 32 561 ’⁸¹
47 551 88 581 p.
105 540 210 572 5521».

621 177 948 222 REGINONIS
981 178 1341 223 CHRONICON.
1402 179 1453 222 A.
1479 181 1730 224 632—634.
2043 187 2097 229 33

378 304 657 360 Dagobertus
688 318 761 347 rex
783 304 937 348 Mettis
969 306 1145 348 veniens
1179 319 1275 348 cum
1307 305 1486 348 consilio
1517 305 1772 358 pontificum
1806 309 1849 349 et
1871 321 2095 360 procerum
2127 318 2167 349 G.
2187 320 2278 359 Dag.
2300 322 2353 352 31.

237 361 377 404 filium
409 369 564 403 suuma
594 360 870 415 Sigibertum
909 362 956 404 in
986 375 1120 416 regno
1151 361 1357 404 Austriae
1396 361 1623 404 sublimat
1661 375 1881 417 eumque
1913 362 2095 407 Cunich-

236 417 399 460 bertob
445 417 693 471 episcopo
745 416 1048 461 Coloniensis
1102 418 1365 460 ecclesiae
1417 420 1462 460 et
1507 417 1766 472 Pippinol
1813 417 1920 460 duci
1966 433 2098 463 com-

237 473 497 516 mendat*

379 529 664 584 *Sequenti
705 543 816 572 anno
849 530 895 572 ei
925 529 1041 571 filius
1079 532 1210 571 natus
1249 530 1329 571 est
1368 542 1424 570 ex
1456 528 1696 572 Nantilde0
1728 530 1900 584 regina,
1950 546 2097 586 quem
2124 542 2173 571 ib.
2200 544 2253 573 32.

235 585 557 629 Ludowicumd
591 586 916 640 appellavit3
950 585 1032 627 001
1063 598 1286 639 regnum
1318 584 1579 638 Neptricum
1612 588 1771 641 atque
1803 586 2099 641 Burgundiae

237 642 462 685 dandum
493 644 593 696 post
623 655 768 685 suum
800 641 1036 683 discessum
1068 640 1471 683 denominavite.

377 699 506 742 Post
545 699 672 741 haec
713 697 849 740 idem
892 696 1198 750 Dagobertusf
1242 696 1469 738 moritur
1510 698 1561 739 et
1610 697 1657 739 in
1698 697 1884 740 basilica
1926 702 2172 743 sanctifi).
2198 713 2250 742 42.

238 755 475 798 Dionisii
499 755 771 808 sepelitur:
796 753 905 795 fuit
929 755 1104 795 autem
1127 751 1332 805 providus
1356 752 1402 794 in
1427 753 1621 803 consilio,
1649 758 1833 795 cautusg
1857 755 1900 796 in
1926 755 2099 799 iudicio.
2125 766 2171 795 ib.
2199 768 2250 797 43.

236 815 436 854 strenuus
474 811 521 853 in
557 810 746 852 militari
784 809 1062 862 disciplinae,
1100 808 1251 862 largus
1282 809 1329 850 in
1361 808 1622 858 elemosinis,
1662 810 1880 853 studiosus
1913 812 1958 853 in
1990 825 2101 855 com·
2126 822 2173 852 ib.
2200 824 2251 853 42.

235 867 433 922 ponenda
476 879 582 921 pace
627 866 910 909 ecclesiarum
954 868 1000 907 et
1043 865 1247 918 precipue
1296 864 1478 907 devotus
1523 865 1569 907 in
1612 865 1807 908 ditandis
1854 874 2100 911 sanctorum

236 924 464 967 coenobiis.
527 921 624 974 Qui
657 922 896 977 quamvis
928 921 1103 964 omnia
1134 921 1250 964 loca
1280 920 1502 963 sanctah
1536 922 1881 973 excoluisset,
1921 927 2099 968 tamen
2124 935 2171 965 ib.
2198 937 2252 966 44.

235 993 324 1033 pre
357 979 553 1022 ceteris
590 978 921 1021 monasteria
965 980 1266 1020 sanctorum
1303 977 1526 1028 Dionisii,
1567 979 1757 1022 Martini
1789 984 1947 1035 atque
1979 982 2100 1024 Mau-

235 1036 346 1078 ricii
399 1035 637 1078 excoluit
698 1038 750 1078 et
801 1034 942 1078 omni
995 1034 1376 1077 ecclesiastica
1428 1034 1706 1088 dignitate
1759 1036 2098 1080 nobilitavit.

234 1092 471 1146 Regnum
503 1092 638 1142 eius,
671 1091 954 1144 sicutipse
984 1091 1167 1133 vivens
1193 1090 1478 1141 diviserat,
1511 1090 1627 1133 filii
1651 1092 1764 1134 eius
1796 1095 2099 1136 tenuerunt.
2125 1103 2172 1133 ib.
2200 1104 2252 1134 46.

234 1149 332 1203 Ega
376 1149 530 1191 maior
575 1147 726 1191 domus
772 1161 882 1190 cum
928 1147 1153 1190 Nantilda
1198 1148 1387 1202 regina
1429 1161 1649 1202 regnum
1697 1148 1969 1192 Ludowici
2013 1150 2171 1193 acl—ib.
2199 1160 2251 1191 45.

235 1206 532 1248 ministrat.

376 1260 502 1304 Circa
533 1261 639 1303 haec
669 1262 881 1313 tempora,
914 1273 1012 1302 cum
1043 1260 1089 1302 in
1119 1262 1264 1302 castro
1287 1258 1467 1303 Cassino
1497 1262 1622 1303 vasta
1652 1260 1842 1304 solitudo
1875 1263 2096 1313 existeret,
2121 1271 2161 1301 P·
2179 1272 2224 1303 D·
2242 1272 2304 1311 VI,
2322 1275 2353 1303 2-

235 1318 459 1361 venientes
491 1317 544 1359 de
574 1315 945 1359 Celmanicorumi
990 1316 1060 1359 vel
1091 1315 1475 1359 Aurelianensium
1513 1317 1692 1372 regione
1730 1318 1888 1360 Franci
1926 1332 2101 1362 venera-

234 1373 338 1416 bilis
357 1373 498 1427 patris
517 1372 802 1415 Benedicti
822 1373 1020 1427 eiusque
1041 1386 1276 1428 germanae
1294 1372 1593 1415 Scolasticaek
1613 1386 1831 1428 corpora
1855 1375 2099 1424 auferunt,

235 1432 286 1471 et
316 1430 362 1471 in
396 1443 519 1471 suam
547 1428 740 1482 patriam
773 1428 1105 1482 absportant.
1160 1428 1358 1483 Corpus
1390 1431 1532 1472 sancti
1557 1429 1786 1473 Benedicti
1809 1431 1853 1473 in
1877 1432 2100 1475 territorio
2126 1440 2215 1471 Ado.

233 1485 570 1528 Aurelianensil
607 1485 661 1527 in
703 1485 980 1536 monasterio,
1023 1485 1136 1541 quod
1176 1488 1357 1529 vocatur
1397 1486 1698 1537 Floriacusm,
1745 1487 1965 1542 sepultum
2009 1496 2099 1531 est.

233 1541 394 1584 Porro
435 1543 652 1584 sanctae
695 1541 959 1584 Scolasticae
1000 1542 1045 1584 in
1090 1542 1292 1596 partibus
1332 1541 1755 1586 Cenomanensiumn
1797 1545 2100 1599 religiosorum

234 1597 462 1641 devotione
494 1597 716 1640 conditum
727 1596 758 1639 2.

373 1654 515 1708 Rege
566 1652 897 1697 Cunichbertoo
948 1656 1154 1698 mortuo
1209 1654 1268 1697 de
1321 1669 1463 1709 regno
1516 1655 1903 1710 Langobardorum
1957 1659 2101 1701 inter
2127 1652 2319 1725 Pl·-D·Jl'11

232 1711 512 1764 principes
564 1724 755 1765 magna
806 1711 877 1754 fit
930 1712 1325 1762 controversia,
1380 1712 1603 1765 plurimi
1655 1713 2096 1764 interficiuntur,
2174 1710 2295 1726 “““”’

232 1767 482 1810 nonnulli
514 1769 852 1816 excecantur3
897 1768 1152 1810 mulieres
1185 1768 1368 1817 etiam,
1410 1782 1520 1823 quae
1552 1782 1596 1810 se
1627 1770 1818 1822 reginas
1850 1769 1961 1812 fore
1992 1771 2099 1812 iac·
2124 1778 2173 1810 ib.
2199 1779 2263 1818 vl,
2288 1781 2339 1812 22.

233 1825 492 1873 taverant,
525 1837 628 1866 naso
661 1826 706 1866 et
738 1823 916 1866 auribus
948 1824 1129 1866 abscisis
1161 1823 1509 1877 deturpantur:
1544 1824 1606 1867 ad
1638 1828 1926 1868 extremum
1959 1826 2100 1869 Heri-

232 1877 427 1922 bertus3
457 1879 543 1922 dux
573 1879 910 1922 Taurinensium
941 1893 1160 1934 regnum
1191 1881 1448 1934 optinuit.

1002 2016 1120 2076 632
1138 2013 1349 2075 -634.
2125 2033 2353 2072 (eos—695³.

375 2116 524 2166 Anno
558 2115 852 2168 dominicae
883 2117 1267 2168 incarnationis
1297 2116 1643 2168 DCXXXH.P
1702 2132 1789 2176 Leo
1821 2134 2097 2189 augustalem
2124 2145 2353 2182 P.D.V1212.

233 2187 503 2243 dignitatem
549 2187 762 2241 arripiens
801 2189 1100 2231 Iustinianum
1144 2202 1279 2243 regno
1325 2188 1520 2242 privavit
1562 2202 1781 2244 eumque
1821 2190 2010 2233 exsulem
2054 2192 2100 2233 in

233 2243 375 2287 Ponto
407 2244 599 2286 servavit
629 2258 900 2300 regnumque
930 2245 1226 2287 Romanorum
1256 2245 1400 2287 tribus
1432 2245 1556 2287 annis
1587 2246 1726 2288 rexit.

374 2299 588 2354 Sergiusq
617 2314 734 2354 papa
763 2302 811 2343 in
840 2302 1030 2344 sacrario
1061 2301 1183 2344 beati
1207 2301 1333 2343 Petri
1358 2301 1547 2355 apostoli
1578 2315 1823 2356 magnam
1855 2303 2101 2356 portionem
2126 2314 2239 2345 Beda.

233 2356 347 2411 ligni
378 2356 622 2399 dominicae
654 2358 792 2400 crucis
823 2358 1035 2411 reperit,
1069 2371 1180 2413 quae
1212 2371 1262 2400 ex
1291 2360 1487 2411 tempore
1518 2358 1597 2400 illo
1630 2358 1684 2401 ab
1717 2358 1836 2401 omni
1866 2359 2025 2417 populo
2055 2360 2101 2401 in

233 2412 418 2455 basilica
454 2411 822 2457 Constantiniana
859 2414 930 2457 die
968 2414 1251 2458 exaltationis
1290 2414 1381 2457 eius
1420 2414 1643 2457 osculatur
1683 2428 1731 2457 ac
1770 2414 1987 2458 adoratur.
2049 2416 2101 2458 In

233 2469 521 2512 Brittanniar
571 2467 850 2514 Cudbertuss
902 2470 1276 2514 Lindisfarnensis
1329 2470 1537 2514 ecclesiae
1590 2472 1872 2526 episcopus
1926 2472 2100 2514 clarus

234 2531 492 2582 habetur3
546 2532 600 2574 in
647 2531 859 2576 Galliis
904 2533 1138 2578 Audoenus
1183 2526 1614 2592 Rotomagensis‚
1661 2535 1860 2590 Eligiust
1912 2527 2101 2578 Novio·
2128 2545 2169 2577 G.
2188 2547 2280 2586 Dag.
2300 2548 2354 2578 51.

237 2593 519 2656 mensisffll,
537 2601 788 2655 Sulpiciusv
810 2595 1236 2648 ]?›itu1·iacensisW
1259 2604 1499 2659 episcopi
1525 2605 1660 2647 clari
1682 2605 1964 2648 habentur.
2005 2605 2100 2648 His
2125 2616 2356 2656 Beda<112st.)

237 2664 396 2706 etiam
422 2665 756 2719 temporibus
779 2666 1056 2710 venerabilis
1079 2668 1148 2710 vir
1163 2666 1523 2711 Willibrordusx
1540 2671 1856 2723 cognomento
1873 2667 2100 2715 Clemens,

331 2775 370 2828 *)
401 2775 649 2820 Nuvellaey
681 2776 919 2821 Gerdrudis
949 2778 1043 2822 filia
1073 2779 1255 2834 Pippini
1293 2782 1338 2823 et
1369 2780 1597 2824 Treverisz
1627 2779 1827 2824 Modesta
1857 2779 2103 2823 clarescunt

404 2834 507 2877 add.
532 2835 590 2877 B.

233 2928 268 2964 a)
298 2929 392 2961 deest
413 2930 444 2961 A
458 2932 491 2962 2.
578 2930 617 2971 b)
646 2931 886 2968 chunigberto
909 2931 939 2962 A
955 2932 992 2969 2;
1024 2932 1208 2964 cuniberto
1231 2933 1264 2964 B
1281 2934 1316 2972 23
1349 2932 1584 2965 chucniberto
1607 2935 1639 2964 B
1656 2935 1686 2966 3.
1777 2933 1808 2974 0)
1837 2933 2000 2964 nantilda
2022 2934 2052 2964 A
2069 2936 2098 2964 2.

233 2971 269 3012 d)
302 2971 509 3004 ludovicum
533 2974 565 3004 Β
582 2977 614 3006 1.
718 2975 752 3012 0)
787 2975 987 3006 nominavit
1009 2975 1089 3006 Β2.
1113 2975 1144 3006 3.
1244 2975 1275 3014 f>
1306 2975 1522 3014 dagabertus
1547 2977 1579 3006 Β
1594 2977 1628 3007 2.
1730 2975 1768 3016 g)
1802 2980 1928 3006 cautus
1947 2992 1987 2997 —
2011 2976 2098 3006 disc.

232 3014 356 3046 desunt
386 3016 466 3047 Β3.
569 3016 610 3056 11)
649 3019 774 3047 sancta
803 3017 882 3047 loca
910 3016 988 3047 A2.
1087 3016 1115 3057 i)
1153 3018 1508 3049 cinnomannicorum
1540 3018 1617 3049 A2.
1717 3019 1757 3059 k)
1797 3018 1987 3049 solesticae
2020 3020 2051 3049 Β
2071 3021 2099 3049 1.

233 3057 260 3096 l)
293 3057 530 3089 aurilianensi
553 3059 586 3089 B
602 3059 633 3090 3.
723 3059 774 3098 m)
805 3059 978 3090 florianus
1003 3059 1035 3089 B
1051 3061 1083 3090 1.
1178 3059 1218 3099 n)
1251 3061 1586 3092 cinnomanensium
1609 3061 1640 3091 A
1656 3062 1687 3092 2.
1777 3060 1812 3099 ο)
1844 3060 1990 3091 chunib.
2015 3061 2045 3090 A
2061 3061 2101 3102 23

231 3099 349 3131 cunib.
376 3100 407 3130 Β
423 3100 455 3131 2.
528 3102 566 3141 p)
587 3100 777 3133 DXXXII.
804 3101 905 3132 codd.
981 3101 1016 3141 q)
1039 3100 1163 3132 Serius
1186 3102 1218 3132 B
1234 3105 1266 3134 1.
1333 3102 1366 3142 r)
1388 3103 1596 3134 britannica
1617 3103 1650 3133 B
1666 3105 1695 3134 1.
1766 3102 1798 3142 s)
1825 3103 1995 3141 chunigb.
2021 3103 2050 3132 A
2067 3104 2098 3132 2.

228 3141 255 3180 t)
277 3141 413 3174 elegius
437 3144 469 3173 Β
484 3143 515 3174 3.
591 3143 629 3184 0)
652 3144 874 3175 novimensis
898 3144 929 3174 Β
945 3145 975 3174 2.
1050 3143 1089 3183 v)
1112 3144 1310 3183 sculpieius
1334 3146 1366 3176 Β
1381 3146 1414 3176 2.
1481 3146 1528 3185 w)
1552 3145 1786 3176 bituricensis
1810 3144 1841 3175 A
1858 3146 1895 3183 2;
1934 3145 2102 3176 bituriac-

226 3184 344 3214 censis
366 3185 398 3214 B
413 3185 444 3215 2.
519 3184 562 3225 x)
586 3186 818 3217 uuillebodus
842 3186 873 3217 A
888 3188 929 3226 ἒς
959 3185 1202 3218 uuillibordus
1225 3188 1258 3218 B
1274 3190 1304 3219 1.
1380 3188 1419 3226 y)
1451 3188 1589 3219 nivella
1613 3189 1645 3218 Β
1661 3189 1696 3227 3;
1736 3187 1917 3219 Nuvellae
1933 3203 1975 3209 —
1992 3186 2102 3217 clare-

229 3229 333 3257 scunt
353 3226 478 3258 desunt
502 3228 535 3258 Β
550 3229 580 3259 2.
670 3227 706 3269 z)
729 3229 852 3260 mettis
876 3229 908 3259 Β
922 3229 955 3260 3.

233 3309 276 3357 1)
308 3309 572 3366 Adalgisum
595 3311 750 3355 ducem
772 3312 934 3367 palatii
955 3313 1158 3356 instituit
1181 3313 1320 3358 Gesta
1342 3315 1464 3369 Day.
1488 3314 1562 3366 31;
1594 3314 1674 3357 sed
1695 3312 1820 3367 infra
1854 3327 1888 3357 0.
1913 3313 1966 3355 46
2000 3325 2094 3355 cum

234 3365 500 3411 Chuniberto
527 3370 736 3422 pontifice
767 3370 1000 3424 Pippinus
1036 3370 1182 3415 maior
1212 3371 1370 3413 domus
1408 3370 1595 3423 saepius
1625 3370 1800 3413 dicitur.
1916 3367 1958 3419 2)
1999 3367 2098 3409 Ado

238 3422 290 3464 V.
313 3424 386 3466 Id.
408 3425 499 3467 Iul.
629 3425 673 3477 3)
716 3424 898 3479 Aripert
927 3427 1118 3469 Paulus.
1245 3427 1289 3478 4)
1333 3425 1403 3480 Cf.
1445 3426 1593 3470 Vitam
1633 3426 1780 3480 Elzyic'
1817 3424 2097 3475 (D’Aclaeery,

233 3477 523 3534 Spicz'leyz'um
561 3481 616 3534 V,
647 3481 765 3534 176),
800 3481 968 3525 ‘Neues
999 3482 1186 3525 Archiv’
1220 3482 1328 3534 XV,
1359 3483 1454 3526 317.

1787 3564 1813 3605 3
