2491 3724
680 165 1008 211 REGINONIS
1040 164 1400 210 CHRONICON.
1462 165 1512 207 A.
1539 167 1634 209 888.
2000 167 2081 209 129

216 294 501 346 currebant
538 293 592 344 in
637 292 856 355 bonum,
903 293 979 343 ita
1023 296 1083 342 ut
1128 290 1306 342 omnia
1350 306 1514 356 regna
1552 289 1899 352 Francorum,
1948 307 2083 355 quae

214 364 646 432 predecessoresa
684 363 766 414 sui
803 379 909 414 non
947 362 1059 413 sine
1099 360 1374 427 sanguinis
1414 358 1672 412 effusione
1712 376 1830 411 cum
1861 362 2084 424 magnob

212 435 394 486 labore
432 433 818 500 adquisierant,
859 434 973 500 ipse
1011 431 1267 498 perfacile
1305 431 1359 481 in
1396 429 1542 481 brevi
1579 437 1878 497 temporum
1912 430 2084 494 spatio

214 506 326 557 sine
378 503 650 567 conflictu,
710 503 856 554 nullo
910 500 1329 562 contradicente,
1390 499 1711 566 possidenda
1768 501 2082 567 perceperit.

216 574 398 639 Qu0d0
438 579 617 626 autem
649 574 789 625 circa
820 572 979 624 finem
1009 571 1150 622 vitae
1183 569 1532 636 dignitatibus
1563 570 1796 622 nudatus
1828 568 2084 637 bonisque

214 645 458 696 omnibus
491 644 752 710 spoliatus
785 648 879 704 est,
911 641 1188 708 temptatio
1220 640 1339 703 fuit,
1371 645 1430 690 ut
1463 640 1741 702 credimus,
1780 657 1885 691 non
1916 641 2085 691 solum

215 715 281 767 ad
319 716 714 782 purgationem,
763 712 876 774 sed,
924 710 1064 778 quod
1103 711 1276 761 maius
1316 715 1416 773 est,
1463 709 1533 761 ad
1571 710 1962 776 probationem:
2018 711 2084 761 si-

215 785 430 852 quidem
467 784 620 846 hanc,
667 787 728 834 ut
764 783 958 844 ferunt,
1003 781 1397 848 pacientissime
1443 780 1703 842 toleravit,
1751 782 1804 831 in
1851 780 2086 832 adversis

216 857 373 907 sicuti
402 855 457 905 in
479 854 747 921 prosperis
780 852 1072 919 gratiarum
1096 855 1218 903 vota
1248 850 1569 918 persolvens,
1603 856 1655 902 et
1684 851 1803 902 ideo
1835 867 2085 902 coronam

212 927 369 988 vitae,
410 941 569 991 quam
606 921 915 990 repromisit
946 922 1089 972 Deus
1129 921 1471 988 diligentibus
1509 938 1580 985 se,
1620 927 1713 973 aut
1744 923 1850 973 iam
1882 922 2088 987 accepit

216 1001 310 1048 aut
347 994 546 1061 absque
585 993 748 1046 dubio
787 997 1102 1059 accepturus
1141 997 1235 1044 est.

358 1065 485 1117 Post
530 1064 680 1116 0111115
725 1068 952 1115 mortem
993 1079 1179 1129 regna,
1234 1079 1335 1128 que
1382 1062 1496 1112 eius
1543 1061 1736 1113 ditioni
1779 1068 2085 1129 paruerant,

217 1136 377 1187 veluti
426 1135 664 1201 legitimo
716 1134 977 1186 destituta
1025 1132 1235 1194 herede,
1285 1132 1340 1182 in
1389 1137 1568 1198 partes
1617 1150 1649 1184 a
1698 1149 1795 1184 sua
1835 1149 2087 1198 compage

215 1207 550 1258 resolvuntur
603 1211 656 1257 et
706 1206 814 1256 iam
865 1220 971 1255 non
1023 1203 1322 1254 naturalem
1374 1203 1645 1254 dominum
1705 1203 2086 1270 prestolantur,

216 1276 310 1328 sed
347 1276 762 1343 unumquodque
809 1274 872 1327 de
919 1275 1029 1326 suis
1065 1272 1358 1325 visceribus
1403 1289 1579 1339 regem
1625 1273 1726 1324 sibi
1773 1274 1943 1325 creari
1981 1272 2088 1323 dis-

215 1347 382 1413 ponit.
467 1346 613 1408 Quae
662 1362 822 1398 causa
870 1360 1085 1411 magnos
1132 1343 1395 1395 bellorum
1443 1348 1617 1395 motus
1662 1344 1933 1406 excitavit,
1985 1360 2089 1394 non

217 1418 343 1484 quia
371 1417 638 1484 principes
668 1417 997 1467 Francorum
1028 1414 1287 1477 deessent,
1327 1413 1419 1480 qui
1448 1413 1741 1473 nobilitate,
1773 1413 2088 1465 fortitudine

215 1494 268 1539 et
313 1487 577 1554 sapientia
620 1487 798 1552 regnis
850 1487 1114 1552 imperare
1167 1488 1407 1552 possent,
1463 1483 1556 1535 sed
1601 1484 1762 1551 quial
1808 1493 1926 1536 inter
1971 1491 2087 1546 ipsos

217 1566 464 1622 aequalitas
488 1556 877 1624 generositatis,
905 1555 1182 1623 dignitatis
1207 1571 1270 1606 ae
1294 1555 1564 1620 pot-entiae
1591 1561 1852 1606 discordiam
1879 1562 2085 1617 augebat,

217 1637 424 1681 nemined
453 1638 630 1679 tantum
662 1637 826 1679 ceteros
857 1633 1216 1688 precellente,
1251 1631 1310 1676 ut
1341 1624 1454 1676 eius
1488 1624 1753 1677 dominioe
1784 1625 1979 1691 reliqui
2010 1646 2055 1675 se
2074 1632 2090 1661 f

218 1707 482 1750 submittere
516 1699 881 1765 dignarentur.
943 1705 1107 1748 Multos
1140 1696 1280 1747 enim
1304 1694 1522 1746 idoneos
1546 1696 1816 1762 principes
1844 1695 1913 1747 ad
1926 1695 2086 1761 regni

218 1769 577 1836 gubernacula
605 1767 934 1820 moderanda
958 1767 1185 1818 Francia
1215 1764 1500 1832 genuisset,
1531 1773 1619 1816 nisi
1642 1772 1819 1817 fortuna
1844 1785 1913 1816 eos
1939 1785 2084 1814 aemu-

219 1841 385 1884 latione
416 1840 596 1883 virtutis
628 1840 675 1883 in
703 1838 942 1893 pernitiem
973 1840 1207 1881 mutuamg
1237 1839 1467 1880 armasset.

356 1896 526 1962 Igitur
565 1895 827 1961 quaedam
865 1911 990 1961 pars
1029 1893 1205 1945 Italici
1244 1891 1430 1960 populi
1467 1891 1880 1958 Berengariumh
1917 1889 2083 1941 filium

215 1964 618 2028 Everhardii·2,
670 1965 760 2033 qui
805 1964 1057 2016 ducatum
1102 1965 1144 2015 F
1148 1963 1575 2014 oroiulanorumk
1618 1961 1858 2025 tenebat,
1908 1977 2084 2027 regen]

213 2036 316 2088 sibi
355 2041 615 2099 statuunt,
667 2034 951 2103 quaedam1
982 2033 1260 2085 Widonem
1296 2032 1464 2084 filium
1502 2031 1821 2094 Lanbertim,
1869 2030 2087 2082 ducemb

215 2107 664 2173 spolitanorumn,
697 2123 865 2172 aeque
889 2106 1036 2171 regia
1061 2104 1319 2171 dignitate
1348 2102 1742 2154 sublimandum
1774 2101 2085 2163 decernunt,

216 2195 281 2228 ex
318 2195 424 2244 qua
463 2176 853 2228 dissensionum
893 2175 1280 2227 controversia0
1323 2179 1476 2225 tanta
1516 2179 1719 2240 strages
1759 2190 1821 2224 ex
1859 2178 2087 2238 utraque

212 2253 365 2315 parte
388 2248 721 2314 postmodum
746 2247 892 2298 facta
917 2252 996 2297 est
1022 2251 1312 2312 tantusque
1336 2244 1602 2296 humanus
1627 2244 1846 2310 sanguis
1872 2241 2085 2304 effusuS,

215 2324 274 2370 ut
321 2319 473 2370 iuxta
521 2318 844 2369 dominicam
884 2326 1097 2368 vocemp
1134 2332 1356 2382 regnum
1406 2317 1460 2366 111
1513 2332 1567 2366 50
1616 2315 1822 2380 ipsumq
1861 2312 2085 2364 divisum

215 2388 562 2440 desolationis
598 2387 867 2439 miseriam
906 2404 1041 2453 pene
1080 2386 1382 2439 incurrerit.
1456 2384 1539 2436 Ad
1578 2383 1900 2436 extremum3
1933 2382 2086 2434 Wido

215 2460 383 2510 victor
429 2459 661 2511 existens
698 2458 1104 2524 Berengariumr
1157 2472 1321 2523 regno
1368 2455 1586 2523 expulit.
1669 2455 1860 2505 Pulsus
1906 2454 2087 2521 itaque

214 2528 527 2580 ArnulfumS
565 2546 744 2595 regem
783 2528 918 2579 adiit
954 2528 1172 2595 eiusque
1209 2527 1511 2592 patrocinia
1548 2529 1734 2577 contra
1763 2525 1968 2576 hostem
2002 2542 2087 2575 ex-

214 2601 402 2666 poscit.
465 2598 600 2662 Quid
629 2615 751 2649 vero
784 2597 1065 2649 Arnulfust
1102 2597 1308 2659 fecerit,
1349 2597 1611 2663 qualiteru
1650 2595 1837 2646 Italiae
1868 2611 2084 2659 regnum

214 2670 296 2721 bis
329 2686 449 2721 cum
479 2669 713 2720 exercitu
744 2667 1149 2734 penetraverit4,
1184 2683 1278 2718 suo
1308 2667 1363 2717 in
1394 2666 1512 2717 loco
1539 2663 2085 2716 commemorabitur&

358 2740 568 2791 Interea
605 2738 900 2790 Galliarum
937 2738 1123 2805 populi
1161 2738 1217 2788 in
1255 2753 1418 2788 unum
1457 2735 1762 2802 congregati
1810 2751 1928 2785 cum
1968 2750 2086 2785 con-

216 2827 376 2862 sensu
400 2808 644 2860 ArnulfiW
676 2808 911 2860 Odonem
936 2808 1138 2874 ducem,
1171 2807 1339 2858 filium
1369 2806 1661 2869 Rotbertix,
1695 2805 1759 2857 de
1791 2821 1895 2872 quo
1926 2803 2085 2871 paulo

218 2922 254 2962 a)
275 2929 508 2961 precessores
531 2922 562 2952 A
581 2924 617 2960 1;
648 2921 880 2960 del-messores
906 2920 937 2951 Β
952 2921 984 2952 3.
1086 2919 1124 2955 b)
1147 2918 1240 2952 deest
1262 2921 1292 2951 A
1310 2922 1339 2950 1.
1445 2918 1478 2958 c)
1510 2918 1884 2956 Quod—accepturus
1909 2919 1965 2947 est
1988 2915 2087 2948 valde

218 2966 394 3003 amputata
417 2965 448 2995 A
465 2965 484 2995 3
508 2965 554 2994 ad
578 2974 611 2995 α.
629 2965 704 2995 887.
794 2963 829 3003 d)
869 2972 955 2994 corr.
981 2963 1118 2993 nemini
1140 2963 1172 2992 B
1189 2963 1219 2993 2.
1312 2962 1345 3001 e)
1383 2961 1525 2992 domino
1549 2961 1579 2991 A
1597 2963 1625 2992 1.
1723 2959 1752 2999 f)
1789 2959 1984 2997 reliquisse
2006 2960 2036 2989 A
2055 2962 2083 2988 1.

218 3008 254 3045 g)
277 3009 402 3037 mutua
423 3007 453 3037 A
472 3010 500 3037 1.
526 3008 558 3037 Β
573 3007 603 3037 3.
666 3005 707 3045 h)
730 3007 970 3044 berengarum
993 3005 1025 3035 Β
1042 3008 1072 3034 2.
1126 3004 1154 3044 i)
1178 3004 1364 3042 eperhardi
1389 3004 1420 3034 A
1436 3007 1465 3034 1.
1520 3004 1558 3043 k)
1583 3002 1862 3034 foroiulanensis
1882 3001 1984 3031 ducis
2007 3001 2037 3030 A
2054 3001 2084 3031 3.

218 3048 245 3087 1)
283 3049 437 3094 quedam
462 3058 552 3080 corr.
575 3049 635 3079 vel
660 3048 838 3087 quendam
862 3048 893 3078 A
912 3050 948 3086 13
981 3056 1013 3084 q.
1041 3047 1122 3077 dam
1146 3048 1177 3077 Β
1193 3048 1230 3082 23
1256 3046 1400 3085 quidam
1426 3046 1456 3076 B
1472 3046 1503 3076 3.
1615 3044 1664 3083 m)
1691 3045 1863 3083 lantperti
1885 3044 1916 3074 A
1935 3046 1969 3080 13
2003 3043 2087 3072 lam-

216 3091 312 3121 berti
335 3091 365 3121 A
381 3092 418 3130 33
449 3091 622 3122 lantberti
644 3091 676 3121 B
692 3092 723 3122 3.
782 3091 820 3130 n)
845 3090 1015 3129 spolitani
1038 3090 1140 3120 ducis
1164 3089 1193 3120 A
1210 3090 1240 3120 3.
1300 3088 1334 3128 o)
1358 3088 1590 3119 controvesia
1613 3087 1643 3118 A
1661 3089 1688 3117 1.
1715 3087 1746 3117 Β
1764 3089 1794 3117 1.
1819 3087 1849 3118 2.
1900 3084 1937 3124 p)
1961 3093 2087 3115 vocem

218 3133 437 3163 dominicam
461 3135 491 3164 A
509 3136 527 3164 1
553 3133 661 3171 (deest
683 3133 713 3164 A
729 3134 776 3171 3).
868 3132 905 3172 q)
928 3133 1006 3170 ipso
1031 3132 1062 3162 B
1079 3132 1109 3163 3.
1199 3131 1230 3170 r)
1261 3131 1408 3168 bengar.
1437 3139 1523 3161 corr.
1548 3130 1716 3167 bernger.
1742 3129 1773 3158 B
1792 3131 1820 3159 1.
1910 3127 1942 3167 s)
1972 3128 2088 3158 arnol-

219 3175 295 3205 fum
317 3176 347 3206 A
365 3177 394 3206 1.
420 3176 452 3206 Β
467 3176 499 3206 2.
588 3176 616 3215 t)
641 3175 802 3206 arnolfus
826 3173 857 3204 A
876 3177 905 3206 1.
931 3175 963 3204 Β
979 3175 1010 3205 2.
1100 3173 1138 3212 u)
1165 3173 1388 3212 qualiterque
1412 3173 1443 3203 B
1460 3175 1489 3203 1.
1515 3173 1546 3203 3.
1636 3171 1675 3211 v)
1708 3170 1984 3201 commorabitur
2007 3170 2036 3200 A
2055 3173 2086 3199 1.

219 3216 264 3256 w)
290 3216 418 3248 arnolfi
442 3218 472 3248 A
490 3220 521 3249 1.
546 3218 624 3249 ΒΞ.
714 3217 752 3257 x)
789 3217 974 3248 rhuoberti
1006 3217 1034 3247 A
1053 3218 1086 3255 1;
1119 3216 1277 3247 rodberti
1307 3216 1337 3246 A
1353 3216 1383 3246 3.

222 3301 264 3351 1)
307 3302 537 3346 Iustinum
567 3303 641 3345 hic
672 3316 700 3345 a
730 3306 881 3345 nostro
914 3301 1169 3345 adhibitwn
1200 3313 1294 3344 esse
1323 3300 1436 3342 vidit
1463 3300 1555 3342 iam
1586 3297 1834 3349 Muratorz',
1873 3294 1977 3339 ‘SS.
2002 3308 2086 3337 rer.

221 3357 394 3400 Italic.'
425 3360 498 3411 II,
540 3360 578 3408 1,
623 3359 707 3402 389
746 3372 791 3401 η.
817 3358 884 3400 10.
1021 3357 1064 3410 2)
1106 3358 1171 3401 Et
1209 3356 1388 3401 Gz'selae
1419 3355 1659 3399 Ludowicz’
1692 3354 1774 3396 Pia·
1810 3351 2087 3405 imperatoris

214 3412 363 3466 filiae3
406 3415 641 3457 Dizmmler
669 3415 772 3466 III,
810 3414 894 3457 312
920 3426 982 3469 sq.
1098 3415 1142 3465 3)
1187 3415 1242 3456 A.
1267 3412 1370 3462 8893
1407 3412 1644 3456 Dizmmler
1672 3411 1781 3462 III,
1826 3407 2085 3452 3154-372.

221 3469 265 3520 4)
308 3469 375 3520 Cf.
406 3470 532 3519 infra
563 3484 604 3513 a.
628 3471 714 3513 894
743 3474 784 3513 et
812 3469 908 3513 896.

1777 3549 1802 3589 9

2113 1499 2203 1529 Ι1151.
2222 1500 2323 1536 XIII.
2347 1501 2377 1532 2.

2110 1710 2214 1742 ib.c.
2238 1713 2267 1740 1.

2112 2399 2238 2430 Matth.
2260 2400 2309 2435 12,
2333 2398 2385 2429 25.
2440 2412 2447 2416 -
