2491 3724
714 146 1040 191 REGINONIS
1072 146 1432 191 CHRONICON.
1494 146 1545 189 A.
1570 149 1667 191 810.
2066 152 2120 194 69

262 275 383 317 ribus
413 273 638 316 Danorum
668 275 791 316 trans
822 272 1024 323 Albiam,
1063 273 1302 328 multisque
1333 272 1435 315 hinc
1466 271 1567 315 inde
1598 272 1783 326 prolatis
1814 272 2029 315 minime
2062 274 2123 316 ad
2147 282 2240 313 Ann.
2267 283 2377 314 Laur.

263 329 517 373 effectum
555 343 636 372 res
674 329 935 383 perducta
974 332 1067 372 est.

405 385 625 428 Thrascoa
648 385 733 428 dux
756 385 1117 435 Abrotidorum,
1142 388 1375 439 postquam
1398 384 1539 426 filium
1564 397 1689 425 suum
1712 383 1958 437 postulanti
1984 383 2121 427 Gode-

262 441 375 484 frido
400 441 596 484 obsidem
621 441 846 492 dederatb,
877 442 1060 484 collecta
1084 454 1217 484 manu
1247 446 1291 482 et
1317 440 1506 482 auxilioc
1531 454 1556 482 a
1580 439 1821 482 Saxonibus
1846 442 2123 483 contracto

262 498 426 540 vicinos
471 511 568 540 suos
614 497 808 540 Wilzosd
853 511 1085 552 aggressus
1131 510 1258 550 agros
1305 509 1452 538 eorum
1497 495 1612 538 ferro
1654 498 1699 538 et
1740 495 1850 550 igne
1895 497 2122 539 vastavit.

260 554 618 609 Regressusquee
656 554 831 596 domum
878 567 975 595 cum
1012 553 1189 607 ingenti
1226 551 1362 604 preda
1400 554 1578 604 accepto
1616 552 1781 593 iterum
1820 565 1845 593 a
1882 550 2122 594 Saxonibus

260 610 467 652 validiori
498 611 659 652 auxilio
689 609 1044 663 Smeldingorum
1076 608 1315 650 maximam
1346 607 1578 650 civitatem
1610 609 1844 661 expugnat,
1890 610 2021 662 atque
2053 608 2121 649 his

260 666 532 719 prosperis
563 665 830 708 successibus
861 678 1021 714 omnes,
1054 664 1128 719 qui
1161 663 1215 706 ab
1249 677 1297 706 eo
1327 662 1592 713 defecerant,
1625 663 1681 705 ad
1710 676 1835 705 suam
1865 664 2122 706 societatem

261 722 434 764 redire
465 722 652 776 coegitf.

403 778 653 831 Imperator
688 777 895 831 itaque,
935 788 1031 817 cum
1071 775 1111 817 ei
1150 775 1293 817 multa
1332 773 1384 816 de
1422 775 1641 817 iactantia
1679 777 1724 817 et
1761 773 1968 827 superbia
2004 775 2122 829 regis

261 834 484 876 Danorum
515 833 846 882 nuntiarentur,
889 831 1051 874 statuit
1087 834 1211 873 trans
1243 830 1425 873 Albiam
1456 831 1688 874 civitatem
1728 831 1956 873 aedificare
1988 831 2123 874 Fran-

263 902 495 944 corumque
533 890 579 931 in
618 902 669 931 ea
706 895 898 941 ponereg
926 886 1189 941 presidium,
1234 900 1419 942 eumque
1450 887 1505 929 ad
1535 887 1617 930 hoc
1653 900 1732 940 per
1763 886 1959 930 Galliam
1991 890 2122 942 atque

263 944 547 988 Germaniam
584 945 780 987 homines
819 946 1130 998 congregasset
1167 943 1388 998 armisque
1434 957 1483 986 ac
1521 943 1677 986 ceteris
1716 943 1771 985 ad
1814 956 1941 985 usum
1979 956 2122 986 neces-

259 1002 437 1043 sarium
462 1001 590 1044 rebus
614 1001 853 1043 instructos
879 999 934 1042 ad
957 1000 1101 1042 locum
1125 998 1396 1042 destinatum
1421 999 1575 1042 ducere
1599 1013 1677 1053 per
1692 999 1889 1042 Fresiam
1913 1000 2122 1048 iussisset,

260 1056 484 1100 Thrascoh
516 1056 600 1099 dux
630 1055 968 1099 Abroditorumi
998 1056 1045 1097 in
1077 1056 1268 1109 emporio
1298 1055 1493 1098 Reriohk
1526 1056 1579 1098 ab
1612 1055 1864 1098 hominibus
1895 1054 2123 1098 Godefridi

262 1113 366 1155 dolo
390 1112 648 1156 interfectus
673 1115 752 1155 est.
797 1112 1087 1166 Imperatorl,
1112 1115 1343 1166 postquam
1371 1112 1489 1155 locus
1514 1112 1768 1154 civitatism
1792 1111 2122 1154 constituendae

262 1169 408 1211 fuerat
431 1169 692 1222 exploratus,
724 1168 1004 1223 Egbertumn
1031 1168 1236 1210 comitem
1260 1168 1361 1210 huic
1384 1168 1586 1222 negotioO
1618 1167 1867 1223 exequendo
1890 1168 2120 1221 preficiens

262 1224 444 1267 Albiam
473 1225 661 1267 traicere
693 1226 738 1267 et
768 1225 911 1267 locum
941 1224 1072 1266 iussit
1103 1236 1326 1277 occupare.
1385 1225 1465 1266 Est
1495 1226 1644 1266 autem
1677 1224 1794 1266 locus
1825 1237 1954 1277 super
1978 1224 2121 1277 ripam

261 1281 467 1323 Sturiaep
490 1281 696 1330 fluminis,
720 1280 930 1323 vocabulo
954 1279 1167 1322 Essesfelt
1177 1288 1210 1320 q.
1252 1278 1498 1333 Occupatus
1524 1282 1590 1322 est
1613 1280 1800 1334 itaque
1825 1279 1879 1322 ab
1897 1279 2123 1334 Egbertor

264 1340 309 1379 et
339 1337 571 1379 comitibus
603 1336 876 1379 Saxonibus
908 1338 959 1378 et
990 1336 1104 1377 circa
1134 1335 1238 1377 Idus
1268 1336 1423 1378 Martii
1453 1336 1617 1377 muniri
1648 1338 1838 1388 coeptus.

402 1393 532 1435 Dum
564 1393 691 1435 haec
723 1393 863 1434 circa
893 1391 1066 1434 Danos
1100 1394 1352 1445 aguntur,
1385 1391 1628 1434 Aureoluss
1660 1404 1814 1440 comes,
1847 1391 1923 1446 qui
1953 1391 2000 1432 in
2024 1404 2122 1433 con-

259 1448 396 1491 finio
427 1449 669 1502 Hispaniae
701 1450 834 1502 atque
859 1446 1033 1490 Galliae
1065 1449 1187 1489 trans
1211 1447 1472 1489 Pireneumt
1512 1449 1664 1490 contra
1688 1446 1847 1489 Oscam
1878 1450 1923 1489 et
1946 1445 2122 1489 Caesar-

262 1507 495 1556 augustam
533 1502 770 1554 residebat,
809 1503 1039 1545 defunctus
1081 1505 1167 1553 est,
1207 1506 1251 1546 et
1289 1503 1472 1546 Amoroz
1510 1503 1729 1557 prefectus
1767 1504 1819 1545 in
1857 1503 1997 1545 locum
2031 1503 2121 1544 eius

260 1561 488 1603 intravit
519 1561 738 1614 missaque
762 1559 818 1602 ad
848 1560 1159 1613 imperatorem
1192 1559 1418 1613 legatione
1442 1573 1487 1602 se
1512 1573 1608 1601 cum
1639 1560 1751 1601 suis
1783 1559 1985 1602 omnibus
2010 1560 2121 1601 eius

260 1616 517 1713 {sbsequio
558 1617 890 1659 traditurum
932 1616 1150 1670 promisit.
1232 1616 1420 1669 Eclipsis
1462 1615 1592 1658 lunae
1638 1615 1841 1658 accidit
1884 1615 1986 1658 VII.
2021 1615 2119 1657 Kal.

287 1686 434 1715 anuar.

403 1755 550 1799 Anno
596 1755 827 1799 dominic
840 1769 897 1798 ae
941 1755 1128 1797 incarn
1141 1755 1342 1798 ationis
1389 1753 1592 1798 DCCCX.
1674 1754 1859 1798 Amoroz
1905 1754 2123 1808 prefectus

264 1812 528 1866 colloquium
565 1812 914 1865 imperatoris
953 1811 1152 1864 expetiit
1188 1811 1241 1853 in
1280 1811 1516 1854 confinio
1553 1811 1763 1855 Gallici
1801 1813 1853 1853 et
1889 1811 2124 1864 Hispanici

42 1877 58 1896 ⁴*
76 1890 115 1920 p.
133 1881 196 1912 565
208 1881 238 1911 b.
264 1868 443 1917 limitis3
483 1868 531 1910 in
568 1876 650 1910 eou
688 1868 903 1922 colloquio
944 1880 988 1909 se
1029 1867 1216 1920 promisi
1227 1870 1247 1909 t
1284 1881 1383 1909 cum
1422 1867 1437 1883 *
1449 1867 1572 1909 suisv
1609 1867 1810 1910 omnibus
1847 1867 2126 1920 imperatoris

265 1938 307 1965 m
319 1937 343 1965 a
352 1937 380 1964 n
389 1924 403 1965 i
413 1923 440 1966 b
449 1937 478 1965 u
487 1938 506 1966 s
545 1937 566 1965 c
576 1938 599 1965 o
609 1937 652 1965 m
662 1938 706 1965 m
717 1937 738 1966 e
748 1938 775 1965 n
786 1923 813 1965 d
824 1937 848 1965 a
857 1926 915 1966 tu
925 1937 946 1965 r
955 1937 983 1965 u
994 1937 1049 1964 m.
1123 1922 1246 1974 Quod
1276 1923 1383 1965 licet
1411 1924 1652 1976 imperator
1683 1923 1928 1970 annuisset,
1971 1923 2124 1965 multis

267 1980 662 2022 intervenientibus
709 1980 848 2022 causis
892 1979 1104 2022 remansit
1140 1978 1353 2021 infectum
1363 1988 1405 2021 W.
1480 1979 1627 2022 Mauri
1671 1979 1723 2021 de
1767 1981 1864 2022 tota
1908 1978 2125 2032 Hispania

266 2036 459 2078 maxima
475 2036 613 2078 classe
637 2035 735 2078 coll
746 2049 766 2077 e
778 2038 828 2077 ct
838 2049 862 2078 a
885 2036 1027 2089 primo
1044 2034 1308 2086 Sardiniam,
1333 2034 1490 2077 deinde
1507 2034 1727 2078 Corsicam
1752 2034 1959 2088 applicu
1970 2048 1991 2077 e
2001 2049 2094 2077 run
2105 2038 2124 2077 t

265 2092 504 2146 nulloquex
534 2092 580 2134 in
613 2105 664 2134 ea
693 2092 872 2134 invento
901 2091 1092 2144 presidio
1123 2092 1313 2134 insulam
1336 2103 1449 2144 pene
1471 2094 1613 2134 totam
1647 2091 1957 2145 depopulati
1989 2094 2123 2133 sunt.

266 2147 304 2188 D
315 2161 342 2189 u
353 2161 396 2189 m
428 2147 456 2189 h
467 2161 492 2190 a
502 2160 523 2190 e
534 2161 555 2190 c
586 2161 610 2190 a
621 2161 686 2202 gu
696 2162 725 2189 n
736 2151 792 2190 tu
802 2162 823 2189 r
834 2181 842 2197 ‚
874 2146 1088 2201 Pippinus
1118 2161 1193 2189 rex
1215 2147 1401 2201 perfidia
1424 2147 1581 2190 ducum
1604 2147 1890 2190 Venetiorum
1912 2147 2123 2189 incitatus

265 2204 318 2256 ip
328 2217 346 2245 s
357 2217 381 2245 a
392 2217 434 2245 m
458 2203 512 2246 in
521 2216 577 2245 su
588 2204 604 2245 1
614 2217 639 2246 a
648 2217 689 2246 m
700 2213 724 2241 y
746 2204 864 2247 bello
880 2206 1086 2259 terraque
1096 2212 1116 2233 Ζ
1139 2204 1337 2259 marique
1361 2217 1388 2245 v
1398 2217 1419 2246 e
1428 2218 1453 2246 x
1464 2218 1489 2246 a
1498 2204 1525 2246 b
1537 2218 1562 2246 a
1571 2206 1611 2254 t;
1635 2204 1918 2257 subiectaque
1934 2203 2124 2245 Venetia

264 2272 314 2301 ac
345 2259 526 2302 ducibus
565 2260 654 2302 eius
692 2260 739 2302 in
776 2260 1046 2302 deditionem
1083 2260 1284 2314 receptis
1316 2259 1498 2302 eandem
1531 2260 1714 2302 classem
1754 2259 1810 2302 ad
1839 2259 2093 2302 Dalmatiae
2105 2267 2125 2289 ὃ

264 2315 427 2358 litorab
470 2315 685 2358 vastanda
729 2317 866 2358 misit.
947 2315 1032 2358 Sed
1077 2329 1174 2358 cum
1219 2316 1383 2358 Paulus
1433 2314 1687 2358 Cefalaniae
1698 2324 1717 2346 0
1763 2314 1981 2369 prefectus
2027 2329 2124 2357 cum

263 2371 471 2414 orientali
501 2372 638 2415 classe
670 2371 726 2414 ad
750 2372 961 2415 auxilium
984 2372 1256 2414 Dalmatiisd
1279 2371 1506 2415 ferendum
1529 2372 1801 2421 adventaret,
1825 2371 2124 2426 regiaclassis

265 2427 321 2468 ad
357 2428 534 2480 propria
569 2428 832 2483 regreditur.
907 2428 1137 2471 Ruodtrud
1147 2437 1166 2459 Θ
1205 2429 1299 2471 filia
1340 2429 1643 2482 imperatoris,
1684 2441 1795 2483 quae
1836 2430 1945 2470 natu
1985 2428 2124 2470 maior

265 2485 373 2532 erat,
404 2483 530 2526 VIII.
555 2484 620 2526 Id.
645 2485 741 2526 Iun.
774 2498 816 2526 m
828 2485 1013 2527 oritur.
1074 2485 1321 2538 Imperator
1351 2483 1491 2539 Aquis
1522 2484 1702 2528 morab
1716 2486 1855 2534 atur,
1895 2483 1986 2525 ubi
2016 2497 2123 2526 nun-

264 2538 462 2581 tiatum
486 2542 566 2582 est
589 2541 655 2590 ei,
688 2540 870 2583 classem
894 2540 1180 2583 ducentarum
1202 2541 1380 2583 navium
1405 2541 1457 2583 de
1481 2540 1803 2583 Nortmanniaf
1823 2540 1870 2582 in
1893 2539 2124 2582 Fresiamg

263 2594 526 2647 applicuis
537 2608 588 2638 se
639 2597 882 2651 ternaqueh
927 2597 1069 2650 prelia
1120 2610 1219 2639 cum
1263 2597 1524 2639 Fresonibus
1577 2596 1845 2639 commisisse
1890 2595 2122 2650 Danosque

264 2650 448 2693 victores
480 2651 699 2693 tributum
728 2652 857 2695 victis
886 2653 1143 2706 imposuisse
1182 2655 1227 2695 et
1257 2653 1345 2695 iam
1379 2655 1556 2695 centum
1587 2652 1726 2694 libras
1757 2651 1934 2705 argenti
1966 2665 1990 2693 a
2022 2651 2122 2693 Fre-

264 2706 441 2748 sonibus
487 2720 578 2749 esse
623 2708 808 2758 solutas;
855 2721 1005 2763 regem
1016 2721 1080 2763 qu
1091 2722 1112 2751 e
1153 2707 1440 2751 Godefridum
1484 2709 1515 2751 h
1525 2722 1550 2751 a
1560 2722 1582 2751 e
1593 2722 1613 2750 c
1655 2722 1678 2750 0
1687 2721 1731 2749 111
1740 2708 1793 2750 111
1804 2720 1829 2749 a
1870 2721 1895 2749 a
1905 2720 1934 2762 g
1945 2720 1967 2749 e
1977 2721 1998 2748 r
2007 2721 2028 2749 e
2040 2707 2052 2736 i
2067 2730 2073 2737 ·
2094 2706 2120 2748 ¹.

265 2760 348 2812 Qui
378 2763 557 2805 nuntius
589 2763 696 2806 adeo
727 2764 1034 2818 imperatorem
1066 2765 1317 2814 concitavit,
1347 2767 1399 2807 ut
1428 2765 1572 2807 missis
1603 2765 1650 2806 in
1681 2763 1842 2807 omnib
1853 2776 1881 2804 u
1891 2777 1909 2805 s
1941 2763 2122 2805 circum-

263 2831 437 2873 quaque
474 2819 625 2873 region
636 2820 651 2862 i
661 2820 687 2862 b
698 2833 754 2862 us
792 2820 848 2862 ad
886 2820 1242 2874 congregandum
1280 2821 1519 2863 exercitum
1549 2821 1720 2863 nuntiis
1758 2821 1852 2873 ipse
1883 2819 1976 2861 sine
2001 2832 2122 2861 mora

263 2927 298 2969 a)
320 2929 530 2960 Thrasacho
547 2929 624 2967 A13
649 2929 830 2960 Trasacho
846 2929 922 2969 A23
947 2931 1102 2961 Trasaco
1118 2929 1193 2964 A3:
1220 2930 1355 2961 'rx-asco
1372 2931 1444 2962 B2.
1520 2931 1558 2968 b)
1581 2930 1765 2962 desiderat
1781 2931 1852 2961 ΒΞ.
1929 2929 1962 2969 0)
1986 2930 2123 2961 auxilia

262 2979 284 3001 8
307 2971 344 3003 S.
370 2974 557 3002 contracta
579 2972 622 3002 Β.
713 2971 747 3007 (1)
780 2973 906 3002 uulzos
929 2972 959 3003 A
975 2974 1006 3003 2.
1030 2973 1060 3002 Β
1077 2973 1109 3004 3.
1197 2972 1230 3008 0)
1264 2980 1460 3011 regresque
1484 2974 1516 3004 Β
1532 2974 1564 3004 2.
1651 2973 1681 3009 f)
1710 2972 1881 3004 reducere
1904 2972 2021 3010 coepit
2042 2973 2072 3003 A
2089 2975 2118 3002 ι’.

260 3012 298 3052 es)
321 3021 416 3052 preS.
442 3022 575 3052 ponere
597 3014 628 3045 A
644 3014 675 3044 2.
754 3013 793 3054 h)
816 3015 958 3045 traseho
982 3014 1013 3045 A
1030 3017 1065 3051 13
1098 3018 1238 3046 trasaco
1261 3014 1291 3046 A
1308 3015 1344 3053 33
1375 3015 1501 3045 thasco
1524 3016 1556 3046 B
1573 3018 1608 3053 13
1641 3018 1759 3046 trasco
1782 3015 1814 3045 Β
1830 3015 1861 3045 2.
1943 3013 1971 3053 i)
1996 3014 2123 3045 abotri-

262 3055 387 3086 dorum
410 3054 441 3085 A
457 3057 488 3087 2.
514 3057 546 3087 Β
561 3057 594 3094 2;
632 3055 783 3087 abodrit.
807 3057 838 3088 A
854 3057 885 3087 3.
969 3055 1009 3096 k)
1031 3056 1129 3087 rex-ih
1152 3057 1182 3087 A
1201 3061 1230 3087 1.
1255 3057 1287 3087 2.
1371 3057 1398 3098 1)
1421 3057 1620 3095 Imperator
1642 3060 1763 3087 autem
1785 3057 1829 3088 A.
1909 3054 1959 3096 m)
1982 3056 2122 3086 civitati

261 3096 292 3126 A
308 3098 339 3128 3.
365 3098 397 3128 B
413 3099 444 3128 3.
528 3102 566 3134 n)
590 3098 798 3135 egobertum
821 3099 851 3129 A
868 3101 899 3130 1.
981 3098 1016 3139 o)
1038 3099 1221 3137 negotium
1245 3099 1276 3128 Β
1291 3099 1322 3129 3.
1401 3098 1439 3138 p)
1463 3100 1612 3130 strar-ine
1635 3100 1666 3130 Β
1684 3102 1712 3130 1.
1792 3101 1827 3137 q)
1850 3098 2017 3129 essesflet
2041 3099 2072 3128 Β
2088 3099 2118 3129 3.

260 3142 292 3177 r)
315 3139 484 3176 egoberto
506 3140 536 3170 A
554 3144 587 3179 13
623 3140 791 3178 egeberto
815 3141 848 3170 Β
863 3141 895 3171 2.
981 3141 1013 3181 s)
1036 3141 1199 3172 auleolus
1222 3141 1254 3171 Β
1271 3142 1301 3172 3.
1389 3139 1418 3181 t)
1439 3143 1632 3180 pyrineum
1655 3141 1686 3171 A
1705 3144 1735 3172 1.
1759 3141 1796 3179 23
1827 3142 2017 3180 pirenuum
2041 3141 2072 3170 B
2087 3142 2120 3171 3.

261 3181 300 3218 u)
323 3190 391 3219 quo
413 3182 445 3213 A
460 3184 495 3213 1.
518 3183 550 3213 3.
637 3182 676 3222 v)
698 3191 790 3213 omn.
818 3183 894 3213 suis
918 3183 946 3213 A
963 3184 994 3214 2.
1082 3186 1128 3219 w)
1160 3182 1399 3221 inperfectum
1421 3184 1452 3214 A
1468 3184 1500 3214 2.
1586 3182 1626 3222 x)
1654 3184 1756 3214 nullo
1778 3183 1825 3222 A3
1857 3186 1893 3213 et
1915 3182 2016 3214 nullo
2040 3182 2071 3212 A
2087 3183 2118 3212 3.

261 3223 298 3261 y)
321 3223 415 3254 dem
437 3224 468 3254 B
486 3226 517 3256 1.
603 3223 638 3264 z)
661 3232 729 3263 que
752 3225 842 3255 deest
863 3224 907 3256 A.
931 3225 963 3256 B
979 3226 1012 3256 3.
1099 3224 1133 3260 a)
1155 3224 1344 3256 dalmiciae
1370 3226 1402 3256 Β
1417 3226 1436 3257 2
1536 3223 1574 3265 b)
1597 3226 1703 3256 litera
1725 3225 1757 3256 Β
1774 3227 1808 3263 1;
1839 3225 1961 3256 littora
1984 3225 2015 3254 B
2031 3225 2062 3254 2.
2087 3225 2120 3254 3.

261 3263 295 3302 0)
317 3265 516 3296 cefaloniae
538 3265 569 3296 A
584 3266 615 3297 3.
686 3267 724 3306 d)
748 3267 915 3297 dalmatis
935 3268 966 3298 A
984 3268 1016 3298 2.
1040 3268 1079 3305 3;
1109 3267 1294 3298 darmatiis
1317 3268 1350 3298 B
1368 3271 1397 3299 1.
1467 3267 1501 3309 e)
1523 3267 1718 3298 Rodtrudis
1742 3267 1816 3304 (A.)
1839 3268 1870 3298 A
1887 3270 1921 3305 1;
1946 3266 2120 3297 Rotrudis

261 3306 338 3336 Α2.
363 3308 399 3346 3;
431 3307 644 3339 Ruodthrud
667 3307 742 3347 (B.)
765 3309 797 3340 B
814 3311 844 3339 1.
870 3310 900 3340 2.
978 3307 1007 3349 f)
1030 3309 1264 3340 nordmannia
1284 3310 1316 3341 A
1334 3312 1362 3341 1.
1388 3311 1420 3341 Β
1436 3310 1473 3348 2;
1503 3310 1717 3341 normannia
1738 3308 1769 3340 A
1785 3311 1817 3340 2.
1842 3310 1873 3340 3.
1949 3309 1985 3348 g)
2009 3307 2121 3339 fresia

262 3348 294 3377 Β
311 3349 342 3379 1.
365 3349 396 3379 3.
484 3348 524 3390 11)
546 3352 758 3389 terrenaque
782 3352 814 3382 Β
829 3351 862 3382 2.
948 3350 975 3390 i)
998 3359 1103 3389 agere
1126 3351 1215 3382 dixit
1237 3352 1280 3382 Β.

262 3429 305 3481 1)
338 3429 626 3475 Godofridum
657 3433 783 3478 domo
814 3448 905 3478 esse
938 3435 1057 3478 Arm.
1079 3438 1222 3479 Laur.
