2491 3724
861 145 1189 190 REGINONIS
1219 144 1575 189 CHRONICON.
2065 147 2150 190 V11

427 272 694 322 Rathbodo
743 273 1124 340 archiepiscopo
1163 273 1363 340 Reyino
1415 271 1696 339 ‘epistolam
1746 270 1806 321 de
1852 272 2150 323 harmonica

284 354 634 419 instzftutione’,
672 357 1079 407 dissertationem
1109 355 1342 407 videlicet
1379 356 1671 424 lonyiorem,
1711 356 1854 405 cuius
1884 356 2152 406 exordium

287 447 332 489 et
354 439 486 505 finis
524 441 604 490 hic
644 440 795 508 infra
833 440 1049 508 leyenda
1080 439 1406 506 praebentur,
1445 458 1554 490 cum
1603 441 1724 490 ‘octo
1763 440 1895 490 tonis
1933 440 2153 490 musicae

285 524 433 574 artis’
480 524 754 576 dedicavit.
831 524 1025 574 Eodem
1062 523 1332 574 Rathbodo
1377 532 1581 574 auctore
1627 522 1860 573 Hathoni
1904 524 2153 591 archiepi-

283 625 431 675 scopo
468 609 773 677 Blayontino
810 608 951 657 circa
990 625 1036 661 a.
1069 607 1186 660 906.
1226 606 1468 657 ‘libellum
1507 607 1568 657 de
1613 607 1947 676 synodalibus
1986 608 2154 658 causis

285 692 741 760 aeclesiasticisque
778 690 1091 759 disciplinis’
1132 692 1470 758 conscriptum
1507 692 1670 755 misit,
1712 692 1854 773 gaius
1890 691 2154 760 praefatio

288 777 401 827 item
439 777 554 826 huic
589 775 914 844 praefationi
951 793 1089 826 meae
1128 774 1451 844 adiunyitur.

423 859 717 910 Maoeimum
776 868 941 910 autem
1000 860 1285 928 Reqinom's
1345 878 1470 928 opus
1529 860 1801 911 chronicon
1860 869 1950 925 est,
2020 860 2153 928 quod

284 962 330 993 a.
366 943 483 996 908.
524 944 844 994 Adalberoni
876 944 1180 1012 Augustano
1219 945 1470 1012 episcopo,
1513 944 1620 995 viro
1658 945 1951 996 doctissimo
1988 954 2033 996 et
2071 945 2154 995 lit-

281 1036 507 1079 terarum
537 1028 779 1092 studioso,
817 1028 1089 1079 dedicavit.
1166 1029 1230 1079 In
1267 1028 1597 1096 praefatione
1628 1028 1756 1080 dicit
1787 1047 2153 1080 consummasse

279 1131 380 1163 sese
412 1122 633 1181 coeptum
668 1131 793 1181 opus
817 1132 850 1162 a
874 1113 1051 1181 primo
1084 1113 1465 1164 incarnationis
1498 1112 1787 1164 dominicae
1820 1132 1956 1164 anno
1987 1131 2153 1180 usque

281 1196 334 1246 in
372 1201 670 1263 presentem
710 1213 921 1260 annum,
962 1197 1052 1263 qui
1093 1201 1431 1263 computatur
1469 1214 1500 1248 a
1537 1197 1748 1263 prefata
1786 1197 2153 1249 incarnatione

282 1281 496 1333 Domini
548 1282 672 1346 9083
742 1281 1004 1332 clauditur
1063 1291 1231 1333 autem
1292 1283 1562 1333 chronicon
1630 1301 1679 1334 a.
1727 1281 1856 1335 906:
1923 1282 2155 1332 dubitari

281 1367 443 1433 iyitur
476 1375 649 1434 potest,
690 1367 1002 1435 inteyrumne
1041 1375 1294 1417 servatum
1333 1367 1400 1417 sit
1437 1385 1506 1417 an
1543 1375 1599 1416 ut
1637 1366 1707 1416 ad
1745 1385 1792 1416 a.
1829 1367 1945 1419 892.
1985 1367 2060 1416 ita
2099 1367 2153 1417 in

266 1450 376 1516 fine
421 1451 483 1501 ab
527 1451 658 1519 ipsis
703 1451 1002 1519 aequalibus
1039 1452 1343 1502 mutilatum.
1420 1452 1572 1502 Duae
1621 1452 1788 1519 operis
1831 1459 2005 1519 partes
2043 1451 2153 1519 effi-

282 1535 489 1584 ciuntur
525 1554 585 1586 ea
623 1554 700 1600 re,
748 1536 882 1604 quod
920 1544 1098 1587 auctor
1135 1555 1288 1604 usque
1334 1537 1404 1587 ad
1442 1555 1633 1587 annum
1673 1537 1790 1588 813.
1821 1534 1940 1604 fere
1981 1537 2153 1586 omnia

280 1637 342 1669 ex
379 1620 730 1687 antiquiorum
769 1621 1075 1688 scriptorum
1125 1620 1272 1672 libris
1311 1621 1534 1689 colleyit,
1581 1629 1746 1670 cetera
1791 1627 1979 1684 autem,
2026 1639 2154 1687 quae

278 1712 575 1771 sequuntur,
621 1723 709 1755 suo
753 1706 921 1756 studio
968 1705 1044 1755 ita
1088 1724 1137 1756 se
1177 1706 1507 1774 descripsisse
1545 1705 1654 1772 ipse
1692 1705 1843 1768 dicit,
1888 1709 2050 1770 prout
2097 1704 2152 1754 in

278 1787 648 1839 chronicorum
677 1788 831 1840 libris
864 1788 1121 1841 adnotata
1153 1790 1402 1841 invenerit
1434 1793 1528 1840 aut
1561 1806 1624 1840 ex
1647 1788 1907 1840 relatione
1937 1793 2151 1856 patrum

279 1872 467 1924 auditu
513 1874 788 1939 percipere
834 1874 1070 1942 potuerit.
1159 1875 1276 1942 Ipse
1332 1892 1443 1925 vero
1496 1882 1673 1924 auctor
1725 1892 1851 1941 opus
1899 1892 2048 1924 suum
2100 1874 2152 1923 in

278 1957 403 2008 duos
430 1957 588 2008 libros
615 1958 810 2022 divisit,
850 1977 1060 2026 quorum
1098 1959 1272 2025 priori
1301 1977 1401 2010 non
1433 1959 1633 2026 lonyius
1671 1975 1824 2024 quam
1857 1958 1928 2008 ad
1959 1977 2006 2011 a.
2033 1958 2150 2011 741.

271 2042 552 2109 pertinenti
588 2042 889 2092 inscribitur
926 2041 1138 2093 libellus
1178 2042 1243 2094 de
1280 2042 1610 2109 temporibus
1643 2041 1941 2093 dominicae
1979 2042 2151 2094 incar—

277 2127 530 2190 nationiS,
568 2127 848 2195 posteriori
885 2127 1019 2178 liber
1059 2127 1123 2178 de
1161 2128 1322 2193 gestis
1361 2144 1545 2194 regum
1583 2126 1925 2178 Francorum.

417 2212 497 2262 De
523 2211 759 2279 fontibus
797 2211 865 2280 cf.
908 2212 976 2262 H.
1009 2213 1265 2276 Errnisch,
1306 2213 1424 2263 ‘Die
1454 2212 1680 2264 Ch-ronik
1717 2212 1803 2263 des
1835 2213 2037 2281 Reyino
2074 2213 2151 2263 bis

278 2296 413 2361 813³,
451 2296 586 2350 Gott.
622 2296 772 2360 1872,
813 2305 857 2347 et
887 2316 962 2360 ea,
1003 2315 1131 2365 Quae
1164 2297 1271 2364 ipse
1302 2297 1362 2348 de
1394 2298 1466 2348 eis
1491 2296 1694 2365 protuli
1723 2296 1909 2348 ‘Neues
1940 2297 2147 2349 Archiv‘

276 2381 331 2430 X
342 2382 395 2446 V,
433 2381 729 2434 312—324.
807 2382 916 2434 Hoc
955 2382 1060 2433 loco
1098 2400 1175 2445 ea,
1214 2399 1342 2449 quae
1379 2381 1454 2432 ibi
1489 2381 1835 2433 demonstrata
1873 2390 2001 2447 sunt,
2041 2382 2148 2433 bre-

275 2467 476 2517 vissime
514 2474 736 2534 repetere
773 2467 902 2518 satis
940 2472 1020 2520 sit.

420 2550 483 2599 In
526 2551 702 2616 priore
748 2551 881 2602 libro
920 2552 1120 2617 Reqino
1167 2550 1339 2601 multis
1384 2550 1674 2602 auctoribus
1709 2551 1992 2618 promiscue
2030 2570 2149 2602 usus

278 2642 371 2698 est,
417 2635 493 2684 ita
530 2642 585 2684 ut
622 2634 999 2704 chronoloyiam
1045 2643 1091 2685 et
1135 2635 1248 2685 alia
1289 2653 1461 2702 pauca
1499 2653 1560 2685 esc
1601 2635 1774 2685 Beclae
1813 2636 2049 2686 chronico
2087 2637 2146 2687 de

275 2737 364 2770 seae
401 2718 685 2770 aetatibusl
723 2728 954 2784 sumeret,
993 2728 1157 2770 cetera
1191 2719 1426 2787 plurima
1463 2737 1486 2769 e
1525 2720 1786 2787 scriptura
1823 2738 1977 2770 sacra
2017 2720 2147 2787 (vul-

275 2804 443 2872 9ata),
484 2803 684 2854 Adonis
722 2802 1146 2872 martyroloyio2,
1197 2803 1365 2854 Gestis
1402 2804 1700 2871 pontificum
1741 2804 2090 2856 Romanorum
2106 2803 2146 2868 3,

277 2888 517 2939 Historia
558 2886 940 2950 Francorum4,
993 2887 1162 2939 Gestis
1199 2888 1546 2956 Daqobesrcffi,
1588 2887 1747 2937 Pauli
1783 2888 2012 2940 Diaconi
2050 2889 2144 2939 Hi-

275 2972 438 3023 storia
478 2971 998 3041 Lanqobardorumss,
1041 2972 1330 3022 Annalibus
1371 2971 1423 3023 S.
1458 2971 1725 3022 Amandi7
1766 2991 1814 3025 a.
1849 2975 2146 3036 716—741,

278 3100 320 3152 1)
354 3099 511 3144 Codice
550 3114 669 3144 nunc
710 3101 881 3144 latente.
1021 3100 1064 3151 2)
1107 3100 1271 3143 Surins
1303 3099 1390 3143 ‘De
1424 3100 1553 3154 prob.
1586 3106 1726 3144 sanct.
1771 3101 1985 3144 historiis'
2032 3102 2144 3154 VII,

280 3170 388 3213 1086
401 3183 514 3226 sqq.;
547 3170 720 3225 Reyino
745 3171 892 3214 codice
917 3184 1037 3213 nunc
1060 3171 1220 3214 latente
1243 3183 1354 3213 usus
1379 3175 1453 3213 est.
1542 3171 1585 3221 3)
1616 3171 1870 3224 Duchesne,
1904 3169 1986 3214 ‘Le
2009 3172 2145 3214 Liber

277 3240 604 3293 Pontificalis':
658 3241 830 3295 Reyino
873 3241 965 3284 cod2
1008 3242 1088 3284 Ba
1131 3254 1254 3284 usus.
1400 3240 1443 3291 4)
1489 3240 1600 3284 MG.
1633 3241 1712 3285 SS.
1754 3255 1838 3284 rer.
1872 3243 2040 3285 IVIeror.
2074 3243 2141 3286 H,

276 3309 526 3363 215—328;
575 3311 667 3354 cod.
697 3312 826 3354 Bla.
944 3311 986 3361 5)
1018 3312 1136 3355 Ibicl.
1169 3312 1251 3354 396
1265 3325 1377 3365 sqq.,·
1412 3311 1548 3354 codem
1570 3324 1657 3354 non
1681 3312 1770 3355 iam
1795 3317 1956 3365 exstat,
1987 3312 2144 3355 similis

278 3380 373 3422 cod.
389 3381 467 3423 2a.
556 3380 599 3432 6)
631 3381 743 3424 ΜΘ.
767 3381 847 3424 SS.
871 3395 956 3424 rer.
972 3382 1175 3436 Lanyob.
1202 3386 1242 3424 et
1264 3383 1293 3424 I
1295 3383 1368 3425 tal.
1394 3396 1429 3424 s.
1458 3382 1688 3425 VL-IX.
1703 3397 1715 3434 ,·
1747 3383 1884 3426 codex
1903 3382 2142 3436 Reyz'nonis

274 3449 425 3501 periit,
455 3450 534 3492 sed
562 3451 624 3493 ad
654 3451 778 3494 codd.
811 3450 852 3494 G
876 3453 902 3493 5
928 3453 1127 3504 proxime
1158 3453 1355 3495 accessit.
1472 3451 1515 3503 7)
1550 3452 1660 3494 ΜΘ.
1685 3452 1766 3495 SS.
1790 3453 1831 3504 I,
1863 3451 1888 3493 7
1912 3465 2000 3506 sqq.
