2491 3724
188 411 319 465 (889).

187 553 321 606 (890).

187 693 318 747 (889).

186 765 318 817 (890).

217 1231 312 1275 891.

165 2157 245 2189 Iun.
264 2160 317 2189 21.

162 2653 245 2684 Iun.
264 2653 316 2685 25.

356 138 437 181 136
810 135 1146 181 REGINONIS
1179 134 1540 181 CHRONICON.
1601 138 1654 181 A.
1679 140 1774 183 891.

350 266 504 313 tanta
542 267 748 328 stragea
785 262 965 314 hostes
1003 260 1188 326 fuditb,
1228 266 1289 314 ut
1320 262 1406 313 vix
1438 262 1816 330 quadringenti
1846 265 1945 316 viri
1984 281 2048 317 ex
2078 265 2231 332 quin-

351 333 552 385 decimc
588 333 802 384 milibus
842 332 911 383 ad
950 332 1175 384 classem
1213 332 1548 400 repedarent.

493 403 610 455 Hac
660 407 979 469 tempestate
1035 403 1371 456 sanctissimo
1425 408 1478 456 et
1530 404 1586 455 in
1635 403 1826 456 divinis
1875 404 2231 471 humanisque

349 473 508 526 rebus
556 474 970 542 prudentissimo
1019 473 1318 527 Williberto
1368 475 1617 542 episcopo
1668 474 1736 526 ab
1790 475 1890 526 hac
1940 475 2057 527 luce
2111 475 2232 527 sub-

351 549 527 597 tracto
565 545 926 597 Herimannus
972 544 1292 597 venerabilis
1338 546 1417 596 vir
1461 563 1555 612 per
1600 545 1913 597 electionem
1958 545 2119 598 clerid
2170 563 2232 598 ac

348 615 519 681 plebis
566 616 822 668 ecclesiae
863 615 1166 668 Coloniensi
1205 615 1585 682 preficitured.
1664 615 1821 667 Circa
1868 615 1999 668 haec
2039 616 2235 668 etiams

349 692 593 753 tempora
640 687 891 739 Salomon
937 687 1393 739 Constantiensisg
1438 686 1694 739 ecclesiae
1741 688 1964 739 antistes
2009 688 2232 739 recessit

350 774 382 807 a
421 757 619 820 secu103
669 759 724 809 in
762 758 914 809 cuius
953 757 1107 810 locoh
1151 759 1410 810 successit
1448 758 1722 822 Salomon,
1769 758 1861 825 qui
1905 758 2007 809 hac
2053 763 2232 810 aetate

349 827 626 879 abbatiam
678 829 849 880 sancti
902 828 1043 879 Galli
1092 829 1311 881 tenebat
1331 828 1368 893 2,
1423 830 1504 881 vir
1551 846 1659 882 non
1708 829 1880 881 solum
1935 828 2231 892 nobilitate,

347 915 529 950 verum
577 899 738 950 etiam
782 898 1101 966 prudentiae
1147 916 1209 951 ac
1255 901 1553 967 sapientiae
1593 900 1881 952 virtutibus
1927 899 2230 967 insignitUS‚

349 969 440 1035 qui
491 969 755 1036 prefataei
813 968 962 1021 urbis
1015 970 1207 1021 tertius
1261 971 1411 1022 eiusk
1468 972 1698 1022 nominis
1759 971 2057 1023 dinoscitur
2117 988 2232 1024 esse

348 1039 602 1105 pontifex,

489 1221 641 1273 Anno
688 1220 986 1275 dominicae
1042 1223 1429 1276 incarnationis
1477 1223 1821 1278 DCCOXCI.1
1868 1224 2233 1277 Nortmannim

347 1291 554 1344 duobus
607 1294 876 1345 continuis
929 1294 1118 1360 preliis
1171 1296 1226 1347 in
1279 1295 1585 1347 Brittannia
1637 1297 1871 1363 graviter
1930 1295 2119 1349 adtriti
2176 1297 2232 1348 in

345 1373 542 1430 regnon
591 1363 924 1416 Lotharii0·3
973 1366 1198 1418 classem
1248 1366 1580 1418 transferunt
1637 1372 1689 1418 et
1738 1367 1931 1419 castris
1983 1366 2232 1419 metatisp

344 1433 538 1501 predas
564 1439 827 1489 exercent.
891 1434 1094 1489 Contra
1120 1453 1254 1504 quos
1279 1437 1571 1489 Arnulfusq
1602 1455 1695 1490 rex
1720 1439 2016 1491 exercitum
2049 1437 2233 1506 dirigit

345 1504 601 1572 iubetque
642 1524 804 1573 super
842 1506 1049 1560 Mosam
1087 1509 1319 1560 tentoria
1356 1507 1518 1576 figere
1561 1509 1957 1577 transitumque
1995 1508 2230 1562 fluminis

344 1576 587 1628 hostibus
625 1576 926 1644 prohibere.
1011 1579 1116 1632 Sed
1154 1583 1438 1647 antequam
1479 1580 1744 1632 exercitus
1784 1582 1837 1631 in
1876 1597 2042 1632 unum
2081 1580 2231 1633 colli-

344 1652 559 1713 geretur
596 1648 666 1698 ad
705 1647 1007 1701 condictum
1045 1650 1223 1702 locum
1261 1651 1414 1702 iuxta
1460 1655 1695 1703 castrum
1735 1651 2230 1714 Treiectensemr·4,

344 1718 692 1770 NortmanniS
733 1720 1010 1787 superiora
1047 1726 1290 1774 tenentes
1331 1722 1473 1773 circa
1510 1721 1772 1774 Leodium
1813 1722 2019 1774 Mosam
2056 1728 2232 1775 trans-

343 1790 523 1840 ierunt
554 1794 606 1840 et
636 1789 883 1842 hostilem
917 1791 1312 1858 expeditionem
1344 1810 1376 1844 a
1407 1798 1557 1860 tergo
1589 1792 1951 1861 relinquentes
1976 1794 2031 1845 in
2057 1794 2200 1846 silvis
2219 1798 2233 1824 t

344 1865 394 1911 et
446 1859 732 1927 paludibus
785 1862 954 1929 Aquis
1008 1863 1211 1928 palatio
1263 1863 1530 1932 contiguis
1585 1863 1986 1932 disperguntur3
2049 1864 2228 1917 obvios

345 1947 586 1999 quosque
623 1933 916 2000 perimunt,
963 1933 1199 2000 plurima
1243 1935 1487 2004 plaustra
1533 1940 1586 1987 et
1622 1935 1889 2000 vehicula,
1937 1936 1992 1987 in
2039 1935 2230 2004 quibus

343 2002 602 2055 alimenta
641 2004 900 2056 exercitui
939 2004 1371 2071 deferebanturu,
1418 2006 1653 2075 capiunt.
1738 2008 1886 2071 Quae
1924 2007 2070 2059 fama
2109 2025 2230 2060 cum

343 2072 412 2123 ad
451 2075 743 2126 exercitum
781 2077 1124 2142 pervenisset,
1166 2078 1259 2145 qui
1296 2077 1402 2129 iam
1443 2078 1558 2145 ipso
1599 2077 1683 2130 die
1722 2079 2019 2130 nativitatis
2059 2079 2231 2130 sancti

346 2144 591 2197 Iohannis
616 2145 886 2212 baptistae
908 2165 1043 2215 pene
1074 2149 1130 2199 in
1155 2166 1321 2200 unum
1352 2152 1719 2214 conveneratV,
1753 2166 1856 2200 non
1887 2154 1999 2201 tam
2029 2154 2229 2202 tremor

343 2232 504 2281 quam
543 2220 729 2283 stupor
759 2223 962 2270 mentes
994 2220 1230 2271 omnium
1263 2221 1558 2287 occupavit.
1631 2220 1908 2287 Principes
1942 2221 2229 2273 contioneW

343 2291 631 2339 convocata
669 2305 773 2340 non
813 2297 922 2340 tam
962 2289 1027 2341 de
1066 2291 1303 2358 periculo
1343 2308 1505 2358 quam
1544 2290 1608 2342 de
1638 2308 1695 2343 re
1731 2291 1896 2343 dubia
1928 2291 2226 2356 consulunt,

342 2357 546 2419 incerti,
564 2365 746 2409 utrum
761 2359 782 2394 5
798 2359 1179 2413 Ribuariorum
1195 2360 1326 2414 fines
1343 2363 1639 2414 intrantesX
1657 2361 1930 2414 Coloniam
1948 2361 2229 2416 tenderent

343 2433 437 2479 aut
474 2445 569 2494 per
608 2429 878 2482 Prumiam
917 2437 1254 2485 transeuntes
1293 2433 1570 2485 Treverisy
1622 2432 1914 2500 dirigerent
1957 2443 2227 2502 gressumz

341 2498 422 2549 vel
467 2504 609 2551 certe
648 2506 1056 2568 congregatama
1095 2503 1377 2556 adversum
1424 2521 1479 2556 se
1512 2503 1942 2556 multitudinemb
1979 2506 2227 2573 pertime-

342 2575 549 2622 scentes
602 2572 950 2625 transvadata
1002 2574 1150 2626 Mosa
1211 2575 1280 2626 ad
1341 2574 1563 2627 classem
1619 2574 1980 2629 *festinarent
2079 2576 2226 2630 Inter

341 2639 472 2693 haec
510 2659 616 2694 nox
656 2645 1032 2709 superveniens
1072 2650 1386 2698 convent-um
1425 2646 1593 2699 solvit.
1677 2646 1904 2699 Postera
1950 2646 2056 2710 die,
2105 2665 2224 2700 cum

342 2782 375 2820 a)
401 2786 546 2821 strange
569 2784 601 2814 Β
620 2786 648 2814 1.
675 2785 705 2816 2.
788 2783 826 2824 b)
851 2784 978 2816 effudit
1001 2786 1031 2817 A
1051 2790 1079 2819 1.
1161 2788 1195 2828 c)
1219 2798 1267 2819 xu
1293 2789 1324 2818 Β
1341 2790 1371 2819 2.
1454 2788 1490 2828 d)
1514 2787 1632 2828 plebis
1658 2789 1689 2820 A
1708 2791 1735 2819 1.
1819 2788 1853 2827 e)
1877 2788 2121 2828 proficiscitur
2145 2792 2173 2820 A
2191 2791 2223 2820 1.

341 2827 370 2863 f)
410 2825 502 2856 deest
525 2825 555 2855 A
573 2829 602 2856 1.
715 2830 751 2864 g)
790 2830 1075 2860 constatinensis
1097 2830 1128 2860 A
1147 2834 1177 2861 1.
1296 2830 1335 2870 h)
1376 2831 1494 2862 locum
1520 2832 1581 2869 (A)
1615 2832 1645 2862 A
1665 2834 1695 2862 l.
1812 2832 1839 2871 i)
1879 2833 2011 2871 quippe
2035 2830 2109 2876 fate
2142 2832 2173 2862 Β
2189 2833 2220 2862 2.

341 2867 379 2904 k)
404 2867 568 2899 eiusdem
592 2869 622 2900 A
642 2871 674 2907 13
706 2869 816 2900 huius
840 2880 933 2902 nom.
960 2875 1058 2910 pont.
1087 2873 1251 2904 eiusdem
1276 2874 1378 2905 urbis
1404 2875 1434 2905 A
1451 2875 1482 2905 3.
1574 2873 1599 2914 l)
1625 2873 1834 2905 DCCCXC.
1861 2875 1892 2904 Β
1909 2875 1938 2906 2.
2027 2873 2077 2915 m)
2099 2877 2221 2907 Norm.

341 2910 372 2940 B
391 2912 419 2941 1.
446 2912 475 2941 2.
588 2911 626 2952 n)
665 2920 815 2950 regnum
845 2913 876 2944 A
894 2918 924 2945 1.
1037 2914 1071 2954 ο)
1110 2915 1270 2946 lhothari
1299 2918 1330 2948 A
1348 2920 1376 2947 1.
1488 2914 1526 2955 p)
1564 2920 1685 2947 castra
1708 2918 1833 2948 metati
1864 2917 1896 2947 A
1914 2920 1948 2956 1;
1987 2917 2111 2950 desunt
2141 2918 2220 2949 A3.

341 2952 378 2990 q)
417 2952 580 2984 arnolfus
611 2954 642 2984 A
661 2956 690 2984 1.
717 2955 748 2985 B
765 2956 797 2986 2.
916 2956 948 2996 r)
986 2959 1205 2989 traiectense
1233 2958 1293 2999 (A)
1319 2959 1350 2989 A
1370 2963 1403 2996 1;
1444 2960 1635 2990 traiectum
1660 2960 1692 2991 A
1708 2961 1738 2990 3.
1859 2958 1889 2999 s)
1927 2961 2115 2991 normanni
2138 2961 2170 2991 B
2186 2960 2223 2998 23

339 3003 442 3025 norm
482 3005 567 3027 corr.
596 3000 723 3027 nox-tm.
750 2998 782 3027 Β
801 3000 830 3029 1.
941 2999 967 3039 t)
1005 3000 1125 3031 sulvis
1149 3002 1181 3032 Β
1200 3004 1228 3032 1.
1341 3001 1378 3041 u)
1410 3002 1621 3032 ferebantur
1643 3003 1684 3034 A.
1798 3001 1835 3041 v)
1870 3006 2115 3034 convenerant
2137 3003 2168 3034 A
2185 3004 2217 3036 1:

340 3038 563 3074 qui—conv.
591 3039 717 3070 desum
741 3039 771 3070 A
788 3041 819 3071 3.
895 3041 941 3080 w)
965 3046 1058 3074 cont.
1083 3052 1169 3074 vero
1193 3044 1223 3075 A
1242 3046 1271 3074 1.
1345 3043 1384 3084 x)
1408 3044 1614 3084 ingressuri
1640 3044 1670 3075 A
1689 3047 1723 3082 13
1755 3052 1818 3083 per
1841 3045 1911 3075 rib.
1936 3043 2026 3075 fines
2051 3045 2118 3076 col.
2142 3045 2220 3076 A3.

340 3079 377 3116 y)
408 3081 570 3111 trevirim
595 3082 624 3112 A
644 3084 678 3119 1;
708 3083 880 3114 treverim
905 3084 935 3114 A
951 3086 981 3116 3.
1096 3087 1130 3125 z)
1161 3094 1331 3124 gressum
1357 3087 1554 3124 dirigerent
1576 3086 1619 3117 A.
1732 3089 1767 3126 a)
1798 3090 2015 3125 congregata
2035 3087 2067 3118 A
2085 3090 2113 3118 1.
2140 3088 2172 3118 Β
2188 3088 2219 3118 2.

340 3121 377 3159 b)
402 3123 503 3153 mult.
531 3131 569 3154 se
594 3124 623 3153 A
644 3127 676 3162 1;
709 3125 941 3157 multitudine
966 3128 997 3157 B
1015 3128 1052 3165 2;
1085 3130 1458 3167 congreg.—pertim.
1485 3129 1606 3160 <lesum
1628 3129 1658 3159 A
1675 3129 1704 3159 3.

340 3234 381 3283 1)
428 3235 673 3279 Wille'berto
713 3251 753 3279 a.
778 3238 862 3281 889
903 3238 1022 3292 Sept.
1049 3241 1100 3282 11
1141 3246 1314 3284 mortuo
1353 3241 1667 3284 Herimannus
1709 3255 1858 3285 mense
1897 3243 2030 3285 Maio
2070 3257 2111 3286 a.
2135 3244 2221 3287 890

2250 2591 2266 2610 *
2285 2602 2326 2633 p.
2343 2593 2416 2625 603.

334 3291 530 3343 pallium
563 3293 748 3345 accepit.
865 3294 908 3346 2)
941 3295 1176 3339 Salomoni
1196 3298 1266 3339 II.
1300 3311 1340 3339 a.
1366 3296 1449 3340 889
1483 3299 1593 3340 Dec.
1620 3299 1674 3341 23
1705 3304 1877 3342 mortuo
1908 3313 1949 3341 a.
1975 3300 2061 3343 890
2092 3300 2218 3343 Salo·
2292 3308 2294 3310 '

339 3359 440 3389 mon
465 3348 565 3390 III.
604 3350 840 3401 successit,
886 3353 965 3405 qui
1001 3353 1150 3395 eodem
1188 3365 1310 3396 anno
1348 3355 1481 3396 etiam.
1520 3355 1753 3398 abbatiam
1786 3355 1833 3398 S.
1858 3355 1984 3399 Galli
2020 3357 2217 3411 accepi&

339 3404 576 3447 Dilmmler
606 3406 707 3456 III,
753 3407 836 3449 342
885 3413 925 3450 ec
970 3408 1065 3451 344.
1199 3409 1242 3460 3)
1295 3410 1384 3455 Per
1429 3410 1686 3464 Sequanam
1733 3417 1774 3455 et
1817 3414 2002 3456 Isaram
2046 3413 2216 3465 (Oisem

337 3460 573 3504 Dilmmler
603 3463 705 3515 III,
737 3463 990 3508 346—351.
1108 3465 1154 3515 4)
1203 3466 1462 3511 Mastmht.
1580 3467 1624 3519 5)
1669 3468 1771 3512 Scit.
1798 3470 2103 3514 Nordmanm'.
2160 3471 2217 3513 P.
