<?xml version="1.0" encoding="UTF-8"?>
<!DOCTYPE html PUBLIC "-//W3C//DTD XHTML 1.0 Transitional//EN"
    "http://www.w3.org/TR/xhtml1/DTD/xhtml1-transitional.dtd">
<html xmlns="http://www.w3.org/1999/xhtml" xml:lang="en" lang="en">
 <head>
  <title>
</title>
<meta http-equiv="Content-Type" content="text/html;charset=utf-8" />
  <meta name='ocr-system' content='tesseract 3.04.00' />
  <meta name='ocr-capabilities' content='ocr_page ocr_carea ocr_par ocr_line ocrx_word'/>
</head>
<body>
  <div class='ocr_page' id='page_1' title='image "./reginonisabbatis00regiuoft_0174.png"; bbox 0 0 2491 3724; ppageno 0'>
   <div class='ocr_carea' id='block_1_1' title="bbox 176 524 309 577">
    <p class='ocr_par' dir='ltr' id='par_1_1' title="bbox 176 524 309 577">
     <span class='ocr_line' id='line_1_1' title="bbox 176 524 309 577; baseline -0.008 -9"><span class='ocrx_word' id='word_1_1' title='bbox 176 524 309 577; x_wconf 85' lang='lat'>(900).</span> 
     </span>
    </p>
   </div>
   <div class='ocr_carea' id='block_1_2' title="bbox 136 813 316 852">
    <p class='ocr_par' dir='ltr' id='par_1_2' title="bbox 136 813 316 852">
     <span class='ocr_line' id='line_1_2' title="bbox 136 813 316 852; baseline -0.006 -8"><span class='ocrx_word' id='word_1_2' title='bbox 136 813 228 852; x_wconf 86' lang='lat' dir='ltr'>(Iun.</span> <span class='ocrx_word' id='word_1_3' title='bbox 250 814 316 849; x_wconf 85' lang='grc'>17).</span> 
     </span>
    </p>
   </div>
   <div class='ocr_carea' id='block_1_3' title="bbox 140 1647 311 1688">
    <p class='ocr_par' dir='ltr' id='par_1_3' title="bbox 140 1647 311 1688">
     <span class='ocr_line' id='line_1_3' title="bbox 140 1647 311 1688; baseline -0.006 -9"><span class='ocrx_word' id='word_1_4' title='bbox 140 1647 226 1687; x_wconf 88' lang='lat' dir='ltr'>(Iul.</span> <span class='ocrx_word' id='word_1_5' title='bbox 245 1647 311 1688; x_wconf 78' lang='lat'>21).</span> 
     </span>
    </p>
   </div>
   <div class='ocr_carea' id='block_1_4' title="bbox 344 102 1825 150">
    <p class='ocr_par' dir='ltr' id='par_1_4' title="bbox 344 102 1825 150">
     <span class='ocr_line' id='line_1_4' title="bbox 344 102 1825 150; baseline -0.002 -1"><span class='ocrx_word' id='word_1_6' title='bbox 344 108 426 150; x_wconf 74' lang='lat'>150</span> <span class='ocrx_word' id='word_1_7' title='bbox 736 103 1066 149; x_wconf 78' lang='lat' dir='ltr'>REGINONIS</span> <span class='ocrx_word' id='word_1_8' title='bbox 1100 102 1461 148; x_wconf 80' lang='lat' dir='ltr'>CHRONICON.</span> <span class='ocrx_word' id='word_1_9' title='bbox 1524 103 1576 147; x_wconf 88' lang='lat' dir='ltr'>A.</span> <span class='ocrx_word' id='word_1_10' title='bbox 1602 104 1696 148; x_wconf 82' lang='lat'>905.</span> <span class='ocrx_word' id='word_1_11' title='bbox 1730 105 1825 149; x_wconf 75' lang='lat'>906.</span> 
     </span>
    </p>
   </div>
   <div class='ocr_carea' id='block_1_5' title="bbox 336 229 2220 1077">
    <p class='ocr_par' dir='ltr' id='par_1_5' title="bbox 336 229 2220 1077">
     <span class='ocr_line' id='line_1_5' title="bbox 340 229 2218 299; baseline -0.001 -16"><span class='ocrx_word' id='word_1_12' title='bbox 340 236 585 284; x_wconf 89' lang='lat' dir='ltr'>tenuerat</span> <span class='ocrx_word' id='word_1_13' title='bbox 617 237 777 299; x_wconf 90' lang='lat' dir='ltr'>atque</span> <span class='ocrx_word' id='word_1_14' title='bbox 809 229 1162 298; x_wconf 65' lang='lat' dir='ltr'>possederata,</span> <span class='ocrx_word' id='word_1_15' title='bbox 1202 230 1315 297; x_wconf 87' lang='lat' dir='ltr'>ipse</span> <span class='ocrx_word' id='word_1_16' title='bbox 1347 229 1675 298; x_wconf 85' lang='lat' dir='ltr'>cupiditateb</span> <span class='ocrx_word' id='word_1_17' title='bbox 1707 230 1898 284; x_wconf 87' lang='lat' dir='ltr'>ductus</span> <span class='ocrx_word' id='word_1_18' title='bbox 1930 230 2033 283; x_wconf 91' lang='lat' dir='ltr'>sibi</span> <span class='ocrx_word' id='word_1_19' title='bbox 2065 249 2218 284; x_wconf 89' lang='lat' dir='ltr'>usur-</span> 
     </span>
     <span class='ocr_line' id='line_1_6' title="bbox 340 300 2218 370; baseline 0 -16"><span class='ocrx_word' id='word_1_20' title='bbox 340 308 514 369; x_wconf 79' lang='lat' dir='ltr'>paret3</span> <span class='ocrx_word' id='word_1_21' title='bbox 554 303 774 370; x_wconf 82' lang='lat' dir='ltr'>insuper</span> <span class='ocrx_word' id='word_1_22' title='bbox 812 302 973 354; x_wconf 91' lang='lat' dir='ltr'>etiam</span> <span class='ocrx_word' id='word_1_23' title='bbox 1010 302 1248 368; x_wconf 85' lang='lat' dir='ltr'>ingentia</span> <span class='ocrx_word' id='word_1_24' title='bbox 1286 300 1425 353; x_wconf 88' lang='lat' dir='ltr'>dona</span> <span class='ocrx_word' id='word_1_25' title='bbox 1462 301 1731 368; x_wconf 78' lang='lat' dir='ltr'>pollicitus</span> <span class='ocrx_word' id='word_1_26' title='bbox 1763 306 1857 365; x_wconf 90' lang='lat' dir='ltr'>est,</span> <span class='ocrx_word' id='word_1_27' title='bbox 1899 302 1944 354; x_wconf 90' lang='lat' dir='ltr'>si</span> <span class='ocrx_word' id='word_1_28' title='bbox 1974 302 2086 354; x_wconf 90' lang='lat' dir='ltr'>eius</span> <span class='ocrx_word' id='word_1_29' title='bbox 2121 318 2218 370; x_wconf 91' lang='lat' dir='ltr'>ope</span> 
     </span>
     <span class='ocr_line' id='line_1_7' title="bbox 341 371 2219 440; baseline -0.001 -15"><span class='ocrx_word' id='word_1_30' title='bbox 341 380 393 425; x_wconf 87' lang='lat' dir='ltr'>et</span> <span class='ocrx_word' id='word_1_31' title='bbox 437 374 736 425; x_wconf 89' lang='lat' dir='ltr'>interventu</span> <span class='ocrx_word' id='word_1_32' title='bbox 783 371 1048 440; x_wconf 75' lang='lat' dir='ltr'><strong>prefatam</strong></span> <span class='ocrx_word' id='word_1_33' title='bbox 1100 372 1492 439; x_wconf 87' lang='lat' dir='ltr'>possessionem</span> <span class='ocrx_word' id='word_1_34' title='bbox 1544 373 1785 439; x_wconf 74' lang='lat' dir='ltr'>optinere</span> <span class='ocrx_word' id='word_1_35' title='bbox 1832 378 2027 440; x_wconf 87' lang='lat' dir='ltr'>posset.</span> <span class='ocrx_word' id='word_1_36' title='bbox 2116 372 2219 425; x_wconf 86' lang='lat' dir='ltr'>Sed</span> 
     </span>
     <span class='ocr_line' id='line_1_8' title="bbox 339 442 2219 512; baseline -0.001 -16"><span class='ocrx_word' id='word_1_37' title='bbox 339 462 458 496; x_wconf 90' lang='lat' dir='ltr'>cum</span> <span class='ocrx_word' id='word_1_38' title='bbox 512 446 793 512; x_wconf 89' lang='lat' dir='ltr'>episcopus</span> <span class='ocrx_word' id='word_1_39' title='bbox 847 443 1065 494; x_wconf 90' lang='lat' dir='ltr'>minime</span> <span class='ocrx_word' id='word_1_40' title='bbox 1118 460 1395 495; x_wconf 81' lang='lat' dir='ltr'>assensum</span> <span class='ocrx_word' id='word_1_41' title='bbox 1448 442 1696 509; x_wconf 77' lang='lat' dir='ltr'>preberet</span> <span class='ocrx_word' id='word_1_42' title='bbox 1748 448 1800 494; x_wconf 90' lang='lat' dir='ltr'>et</span> <span class='ocrx_word' id='word_1_43' title='bbox 1851 445 2028 495; x_wconf 90' lang='lat' dir='ltr'>nescio</span> <span class='ocrx_word' id='word_1_44' title='bbox 2089 443 2219 509; x_wconf 89' lang='lat' dir='ltr'>quid</span> 
     </span>
     <span class='ocr_line' id='line_1_9' title="bbox 341 512 2218 582; baseline 0 -16"><span class='ocrx_word' id='word_1_45' title='bbox 341 516 526 567; x_wconf 90' lang='lat' dir='ltr'>durius</span> <span class='ocrx_word' id='word_1_46' title='bbox 566 520 619 566; x_wconf 91' lang='lat' dir='ltr'>et</span> <span class='ocrx_word' id='word_1_47' title='bbox 657 515 910 577; x_wconf 90' lang='lat' dir='ltr'>amarius,</span> <span class='ocrx_word' id='word_1_48' title='bbox 950 531 1111 582; x_wconf 88' lang='lat' dir='ltr'>quam</span> <span class='ocrx_word' id='word_1_49' title='bbox 1150 513 1443 580; x_wconf 77' lang='lat' dir='ltr'>oportebat,</span> <span class='ocrx_word' id='word_1_50' title='bbox 1483 512 1846 580; x_wconf 79' lang='lat' dir='ltr'>responderet,</span> <span class='ocrx_word' id='word_1_51' title='bbox 1886 513 1975 565; x_wconf 92' lang='lat' dir='ltr'>ille</span> <span class='ocrx_word' id='word_1_52' title='bbox 2009 513 2218 566; x_wconf 91' lang='lat' dir='ltr'>diabolo</span> 
     </span>
     <span class='ocr_line' id='line_1_10' title="bbox 339 583 2219 653; baseline 0 -17"><span class='ocrx_word' id='word_1_53' title='bbox 339 585 627 653; x_wconf 81' lang='lat' dir='ltr'>instigante</span> <span class='ocrx_word' id='word_1_54' title='bbox 666 585 845 637; x_wconf 85' lang='lat' dir='ltr'>furore</span> <span class='ocrx_word' id='word_1_55' title='bbox 883 585 1049 636; x_wconf 91' lang='lat' dir='ltr'>nimio</span> <span class='ocrx_word' id='word_1_56' title='bbox 1089 601 1374 636; x_wconf 88' lang='lat' dir='ltr'>succensus</span> <span class='ocrx_word' id='word_1_57' title='bbox 1412 583 1480 636; x_wconf 87' lang='lat' dir='ltr'>ab</span> <span class='ocrx_word' id='word_1_58' title='bbox 1521 601 1583 636; x_wconf 91' lang='lat' dir='ltr'>eo</span> <span class='ocrx_word' id='word_1_59' title='bbox 1623 584 1838 636; x_wconf 82' lang='lat' dir='ltr'>divertit</span> <span class='ocrx_word' id='word_1_60' title='bbox 1868 590 1920 636; x_wconf 93' lang='lat' dir='ltr'>et</span> <span class='ocrx_word' id='word_1_61' title='bbox 1951 584 2219 651; x_wconf 90' lang='lat' dir='ltr'>quandam</span> 
     </span>
     <span class='ocr_line' id='line_1_11' title="bbox 340 654 2219 723; baseline -0.001 -14"><span class='ocrx_word' id='word_1_62' title='bbox 340 657 526 709; x_wconf 90' lang='lat' dir='ltr'>silvam</span> <span class='ocrx_word' id='word_1_63' title='bbox 565 674 683 709; x_wconf 92' lang='lat' dir='ltr'>cum</span> <span class='ocrx_word' id='word_1_64' title='bbox 723 656 881 708; x_wconf 89' lang='lat' dir='ltr'>sociis</span> <span class='ocrx_word' id='word_1_65' title='bbox 919 657 1206 723; x_wconf 83' lang='lat' dir='ltr'>ingressus,</span> <span class='ocrx_word' id='word_1_66' title='bbox 1249 664 1397 707; x_wconf 77' lang='lat' dir='ltr'>cum0</span> <span class='ocrx_word' id='word_1_67' title='bbox 1428 654 1570 707; x_wconf 90' lang='lat' dir='ltr'>idem</span> <span class='ocrx_word' id='word_1_68' title='bbox 1601 655 1790 707; x_wconf 76' lang='lat' dir='ltr'>Folcod</span> <span class='ocrx_word' id='word_1_69' title='bbox 1828 673 1860 707; x_wconf 90' lang='lat' dir='ltr'>a</span> <span class='ocrx_word' id='word_1_70' title='bbox 1892 654 2219 721; x_wconf 90' lang='lat' dir='ltr'>Compendio</span> 
     </span>
     <span class='ocr_line' id='line_1_12' title="bbox 338 726 2219 794; baseline -0.001 -16"><span class='ocrx_word' id='word_1_71' title='bbox 338 727 541 794; x_wconf 88' lang='lat' dir='ltr'>palatio</span> <span class='ocrx_word' id='word_1_72' title='bbox 581 745 612 779; x_wconf 91' lang='lat' dir='ltr'>a</span> <span class='ocrx_word' id='word_1_73' title='bbox 650 744 772 794; x_wconf 83' lang='lat' dir='ltr'>rege</span> <span class='ocrx_word' id='word_1_74' title='bbox 811 732 1181 790; x_wconf 85' lang='lat' dir='ltr'>reverteretur,</span> <span class='ocrx_word' id='word_1_75' title='bbox 1222 744 1382 793; x_wconf 89' lang='lat' dir='ltr'>super</span> <span class='ocrx_word' id='word_1_76' title='bbox 1421 743 1540 778; x_wconf 91' lang='lat' dir='ltr'>eum</span> <span class='ocrx_word' id='word_1_77' title='bbox 1579 726 1738 778; x_wconf 87' lang='lat' dir='ltr'>irruit</span> <span class='ocrx_word' id='word_1_78' title='bbox 1777 730 1829 778; x_wconf 92' lang='lat' dir='ltr'>et</span> <span class='ocrx_word' id='word_1_79' title='bbox 1866 743 1987 778; x_wconf 88' lang='lat' dir='ltr'>eum</span> <span class='ocrx_word' id='word_1_80' title='bbox 2019 726 2219 794; x_wconf 78' lang='lat' dir='ltr'>absque</span> 
     </span>
     <span class='ocr_line' id='line_1_13' title="bbox 345 796 2220 850; baseline 0.001 -2"><span class='ocrx_word' id='word_1_81' title='bbox 345 814 496 849; x_wconf 90' lang='lat' dir='ltr'>mora</span> <span class='ocrx_word' id='word_1_82' title='bbox 542 797 873 849; x_wconf 72' lang='lat' dir='ltr'>trucidavite.</span> <span class='ocrx_word' id='word_1_83' title='bbox 957 798 1021 848; x_wconf 93' lang='lat' dir='ltr'>In</span> <span class='ocrx_word' id='word_1_84' title='bbox 1065 798 1352 850; x_wconf 88' lang='lat' dir='ltr'>Remorum</span> <span class='ocrx_word' id='word_1_85' title='bbox 1400 796 1684 850; x_wconf 77' lang='lat' dir='ltr'>cathedras</span> <span class='ocrx_word' id='word_1_86' title='bbox 1725 797 2019 849; x_wconf 74' lang='lat' dir='ltr'>Heriveusg</span> <span class='ocrx_word' id='word_1_87' title='bbox 2057 797 2220 849; x_wconf 89' lang='lat' dir='ltr'>subli-</span> 
     </span>
     <span class='ocr_line' id='line_1_14' title="bbox 338 867 2219 935; baseline 0.001 -16"><span class='ocrx_word' id='word_1_88' title='bbox 338 868 546 920; x_wconf 85' lang='lat' dir='ltr'>matush</span> <span class='ocrx_word' id='word_1_89' title='bbox 586 872 688 933; x_wconf 90' lang='lat' dir='ltr'>est,</span> <span class='ocrx_word' id='word_1_90' title='bbox 737 869 828 935; x_wconf 92' lang='lat' dir='ltr'>qui</span> <span class='ocrx_word' id='word_1_91' title='bbox 868 867 1095 920; x_wconf 91' lang='lat' dir='ltr'>eundem</span> <span class='ocrx_word' id='word_1_92' title='bbox 1134 869 1522 920; x_wconf 84' lang='lat' dir='ltr'>Winemarumi</span> <span class='ocrx_word' id='word_1_93' title='bbox 1569 885 1687 920; x_wconf 91' lang='lat' dir='ltr'>cum</span> <span class='ocrx_word' id='word_1_94' title='bbox 1727 868 1908 920; x_wconf 90' lang='lat' dir='ltr'>multis</span> <span class='ocrx_word' id='word_1_95' title='bbox 1947 868 2068 920; x_wconf 89' lang='lat' dir='ltr'>aliis</span> <span class='ocrx_word' id='word_1_96' title='bbox 2109 869 2219 935; x_wconf 90' lang='lat' dir='ltr'>epi-</span> 
     </span>
     <span class='ocr_line' id='line_1_15' title="bbox 337 939 2218 1007; baseline 0.001 -17"><span class='ocrx_word' id='word_1_97' title='bbox 337 939 513 1006; x_wconf 91' lang='lat' dir='ltr'>scopis</span> <span class='ocrx_word' id='word_1_98' title='bbox 553 939 1031 991; x_wconf 82' lang='lat' dir='ltr'>excommunicavit</span> <span class='ocrx_word' id='word_1_99' title='bbox 1069 943 1122 991; x_wconf 91' lang='lat' dir='ltr'>et</span> <span class='ocrx_word' id='word_1_100' title='bbox 1158 956 1252 1007; x_wconf 91' lang='lat' dir='ltr'>pro</span> <span class='ocrx_word' id='word_1_101' title='bbox 1284 944 1398 991; x_wconf 90' lang='lat' dir='ltr'>tam</span> <span class='ocrx_word' id='word_1_102' title='bbox 1427 939 1669 992; x_wconf 89' lang='lat' dir='ltr'>inaudito</span> <span class='ocrx_word' id='word_1_103' title='bbox 1699 939 1933 992; x_wconf 81' lang='lat' dir='ltr'>scelerek</span> <span class='ocrx_word' id='word_1_104' title='bbox 1963 944 2218 1006; x_wconf 88' lang='lat' dir='ltr'>perpetuo</span> 
     </span>
     <span class='ocr_line' id='line_1_16' title="bbox 336 1009 1143 1077; baseline -0.001 -16"><span class='ocrx_word' id='word_1_105' title='bbox 336 1009 676 1063; x_wconf 84' lang='lat' dir='ltr'>anathemate</span> <span class='ocrx_word' id='word_1_106' title='bbox 716 1009 1143 1077; x_wconf 82' lang='lat' dir='ltr'>condempnavit.</span> 
     </span>
    </p>
   </div>
   <div class='ocr_carea' id='block_1_6' title="bbox 1211 1120 1347 1180">
    <p class='ocr_par' dir='ltr' id='par_1_6' title="bbox 1211 1120 1347 1180">
     <span class='ocr_line' id='line_1_17' title="bbox 1211 1120 1347 1180; baseline -0.015 0"><span class='ocrx_word' id='word_1_107' title='bbox 1211 1120 1347 1180; x_wconf 79' lang='lat'>905.</span> 
     </span>
    </p>
   </div>
   <div class='ocr_carea' id='block_1_7' title="bbox 335 1206 2219 2756">
    <p class='ocr_par' dir='ltr' id='par_1_7' title="bbox 335 1206 2219 2756">
     <span class='ocr_line' id='line_1_18' title="bbox 479 1206 2218 1260; baseline -0.001 -1"><span class='ocrx_word' id='word_1_108' title='bbox 479 1208 630 1259; x_wconf 91' lang='lat' dir='ltr'>Anno</span> <span class='ocrx_word' id='word_1_109' title='bbox 683 1207 981 1260; x_wconf 87' lang='lat' dir='ltr'>dominicae</span> <span class='ocrx_word' id='word_1_110' title='bbox 1033 1207 1423 1260; x_wconf 86' lang='lat' dir='ltr'>incarnationis</span> <span class='ocrx_word' id='word_1_111' title='bbox 1480 1206 1798 1260; x_wconf 80' lang='lat' dir='ltr'>DCCCCV.1</span> <span class='ocrx_word' id='word_1_112' title='bbox 1857 1207 2218 1260; x_wconf 79' lang='lat' dir='ltr'>Ludovvicusm</span> 
     </span>
     <span class='ocr_line' id='line_1_19' title="bbox 335 1278 2218 1346; baseline -0.001 -16"><span class='ocrx_word' id='word_1_113' title='bbox 335 1278 476 1331; x_wconf 88' lang='lat' dir='ltr'>filius</span> <span class='ocrx_word' id='word_1_114' title='bbox 515 1279 788 1342; x_wconf 74' lang='lat' dir='ltr'>Bosonisn,</span> <span class='ocrx_word' id='word_1_115' title='bbox 829 1296 990 1345; x_wconf 92' lang='lat' dir='ltr'>quem</span> <span class='ocrx_word' id='word_1_116' title='bbox 1027 1295 1190 1346; x_wconf 91' lang='lat' dir='ltr'>supra</span> <span class='ocrx_word' id='word_1_117' title='bbox 1228 1279 1606 1331; x_wconf 89' lang='lat' dir='ltr'>meminimusl</span> <span class='ocrx_word' id='word_1_118' title='bbox 1646 1279 1988 1344; x_wconf 88' lang='lat' dir='ltr'>imperatoris</span> <span class='ocrx_word' id='word_1_119' title='bbox 2026 1294 2218 1330; x_wconf 89' lang='lat' dir='ltr'>nomen</span> 
     </span>
     <span class='ocr_line' id='line_1_20' title="bbox 337 1349 2217 1417; baseline 0 -16"><span class='ocrx_word' id='word_1_120' title='bbox 337 1367 453 1402; x_wconf 89' lang='lat' dir='ltr'>esse</span> <span class='ocrx_word' id='word_1_121' title='bbox 507 1351 772 1414; x_wconf 90' lang='lat' dir='ltr'>sortitum,</span> <span class='ocrx_word' id='word_1_122' title='bbox 828 1350 1212 1416; x_wconf 81' lang='lat' dir='ltr'>Berengarium</span> <span class='ocrx_word' id='word_1_123' title='bbox 1267 1349 1330 1402; x_wconf 93' lang='lat' dir='ltr'>de</span> <span class='ocrx_word' id='word_1_124' title='bbox 1384 1350 1541 1403; x_wconf 86' lang='lat' dir='ltr'>Italia</span> <span class='ocrx_word' id='word_1_125' title='bbox 1595 1350 1797 1417; x_wconf 84' lang='lat' dir='ltr'>expulit</span> <span class='ocrx_word' id='word_1_126' title='bbox 1848 1355 2010 1417; x_wconf 88' lang='lat' dir='ltr'>atque</span> <span class='ocrx_word' id='word_1_127' title='bbox 2064 1366 2217 1401; x_wconf 90' lang='lat' dir='ltr'>omne</span> 
     </span>
     <span class='ocr_line' id='line_1_21' title="bbox 336 1420 2217 1489; baseline 0 -17"><span class='ocrx_word' id='word_1_128' title='bbox 336 1421 470 1473; x_wconf 91' lang='lat' dir='ltr'>illud</span> <span class='ocrx_word' id='word_1_129' title='bbox 513 1439 733 1488; x_wconf 84' lang='lat' dir='ltr'>regnum</span> <span class='ocrx_word' id='word_1_130' title='bbox 779 1438 908 1473; x_wconf 89' lang='lat' dir='ltr'>suae</span> <span class='ocrx_word' id='word_1_131' title='bbox 955 1420 1145 1472; x_wconf 91' lang='lat' dir='ltr'>ditioni</span> <span class='ocrx_word' id='word_1_132' title='bbox 1192 1420 1417 1489; x_wconf 81' lang='lat' dir='ltr'>subegit.</span> <span class='ocrx_word' id='word_1_133' title='bbox 1504 1420 1739 1474; x_wconf 87' lang='lat' dir='ltr'>Cernens</span> <span class='ocrx_word' id='word_1_134' title='bbox 1786 1427 1966 1474; x_wconf 86' lang='lat' dir='ltr'>autem</span> <span class='ocrx_word' id='word_1_135' title='bbox 2011 1420 2217 1472; x_wconf 89' lang='lat' dir='ltr'>nullum</span> 
     </span>
     <span class='ocr_line' id='line_1_22' title="bbox 337 1491 2216 1560; baseline 0.001 -17"><span class='ocrx_word' id='word_1_136' title='bbox 337 1491 440 1544; x_wconf 90' lang='lat' dir='ltr'>sibi</span> <span class='ocrx_word' id='word_1_137' title='bbox 484 1493 735 1544; x_wconf 90' lang='lat' dir='ltr'>resistere</span> <span class='ocrx_word' id='word_1_138' title='bbox 782 1499 877 1543; x_wconf 91' lang='lat' dir='ltr'>aut</span> <span class='ocrx_word' id='word_1_139' title='bbox 922 1509 1078 1559; x_wconf 90' lang='lat' dir='ltr'>posse</span> <span class='ocrx_word' id='word_1_140' title='bbox 1125 1498 1219 1545; x_wconf 92' lang='lat' dir='ltr'>aut</span> <span class='ocrx_word' id='word_1_141' title='bbox 1257 1492 1456 1544; x_wconf 90' lang='lat' dir='ltr'>audere</span> <span class='ocrx_word' id='word_1_142' title='bbox 1501 1492 1667 1556; x_wconf 89' lang='lat' dir='ltr'>ultra,</span> <span class='ocrx_word' id='word_1_143' title='bbox 1720 1509 1880 1560; x_wconf 90' lang='lat' dir='ltr'>quam</span> <span class='ocrx_word' id='word_1_144' title='bbox 1919 1491 2216 1559; x_wconf 85' lang='lat' dir='ltr'>oportebat,</span> 
     </span>
     <span class='ocr_line' id='line_1_23' title="bbox 337 1563 2218 1631; baseline 0 -17"><span class='ocrx_word' id='word_1_145' title='bbox 337 1563 401 1616; x_wconf 90' lang='lat' dir='ltr'>de</span> <span class='ocrx_word' id='word_1_146' title='bbox 438 1564 728 1615; x_wconf 81' lang='lat' dir='ltr'>securitate</span> <span class='ocrx_word' id='word_1_147' title='bbox 762 1580 1074 1631; x_wconf 88' lang='lat' dir='ltr'>presumens</span> <span class='ocrx_word' id='word_1_148' title='bbox 1112 1580 1188 1628; x_wconf 89' lang='lat' dir='ltr'>ea,</span> <span class='ocrx_word' id='word_1_149' title='bbox 1229 1580 1366 1630; x_wconf 89' lang='lat' dir='ltr'>quae</span> <span class='ocrx_word' id='word_1_150' title='bbox 1402 1563 1550 1630; x_wconf 87' lang='lat' dir='ltr'>pacis</span> <span class='ocrx_word' id='word_1_151' title='bbox 1583 1568 1636 1615; x_wconf 90' lang='lat' dir='ltr'>et</span> <span class='ocrx_word' id='word_1_152' title='bbox 1671 1563 1866 1629; x_wconf 88' lang='lat' dir='ltr'>quietis</span> <span class='ocrx_word' id='word_1_153' title='bbox 1902 1568 2040 1626; x_wconf 91' lang='lat' dir='ltr'>sunt,</span> <span class='ocrx_word' id='word_1_154' title='bbox 2075 1563 2218 1630; x_wconf 75' lang='lat' dir='ltr'>cepit</span> 
     </span>
     <span class='ocr_line' id='line_1_24' title="bbox 339 1633 2215 1701; baseline -0.001 -15"><span class='ocrx_word' id='word_1_155' title='bbox 339 1634 593 1701; x_wconf 84' lang='lat' dir='ltr'>cogitare.</span> <span class='ocrx_word' id='word_1_156' title='bbox 668 1633 925 1687; x_wconf 89' lang='lat' dir='ltr'>Absoluto</span> <span class='ocrx_word' id='word_1_157' title='bbox 965 1635 1145 1701; x_wconf 88' lang='lat' dir='ltr'>itaque</span> <span class='ocrx_word' id='word_1_158' title='bbox 1186 1635 1451 1686; x_wconf 88' lang='lat' dir='ltr'>exercitu0</span> <span class='ocrx_word' id='word_1_159' title='bbox 1484 1651 1603 1686; x_wconf 91' lang='lat' dir='ltr'>cum</span> <span class='ocrx_word' id='word_1_160' title='bbox 1634 1635 1919 1701; x_wconf 86' lang='lat' dir='ltr'>perpaucis</span> <span class='ocrx_word' id='word_1_161' title='bbox 1952 1634 2215 1685; x_wconf 80' lang='lat' dir='ltr'>Veronam</span> 
     </span>
     <span class='ocr_line' id='line_1_25' title="bbox 337 1704 2214 1772; baseline 0 -16"><span class='ocrx_word' id='word_1_162' title='bbox 337 1707 607 1771; x_wconf 84' lang='lat' dir='ltr'>ingressus</span> <span class='ocrx_word' id='word_1_163' title='bbox 648 1710 728 1757; x_wconf 90' lang='lat' dir='ltr'>est</span> <span class='ocrx_word' id='word_1_164' title='bbox 765 1705 1087 1757; x_wconf 86' lang='lat' dir='ltr'>adhortante</span> <span class='ocrx_word' id='word_1_165' title='bbox 1125 1704 1431 1757; x_wconf 87' lang='lat' dir='ltr'>Adalardop</span> <span class='ocrx_word' id='word_1_166' title='bbox 1471 1705 1714 1772; x_wconf 80' lang='lat' dir='ltr'>prefatae</span> <span class='ocrx_word' id='word_1_167' title='bbox 1760 1705 1910 1757; x_wconf 90' lang='lat' dir='ltr'>urbis</span> <span class='ocrx_word' id='word_1_168' title='bbox 1951 1705 2214 1772; x_wconf 88' lang='lat' dir='ltr'>episcopo.</span> 
     </span>
     <span class='ocr_line' id='line_1_26' title="bbox 338 1775 2219 1843; baseline -0.001 -15"><span class='ocrx_word' id='word_1_169' title='bbox 338 1776 487 1828; x_wconf 90' lang='lat' dir='ltr'>Cives</span> <span class='ocrx_word' id='word_1_170' title='bbox 528 1781 708 1828; x_wconf 85' lang='lat' dir='ltr'>autem</span> <span class='ocrx_word' id='word_1_171' title='bbox 746 1775 845 1829; x_wconf 90' lang='lat' dir='ltr'>hoc</span> <span class='ocrx_word' id='word_1_172' title='bbox 883 1776 1206 1843; x_wconf 82' lang='lat' dir='ltr'>Berengario</span> <span class='ocrx_word' id='word_1_173' title='bbox 1247 1793 1455 1828; x_wconf 90' lang='lat' dir='ltr'>summa</span> <span class='ocrx_word' id='word_1_174' title='bbox 1494 1794 1614 1829; x_wconf 90' lang='lat' dir='ltr'>cum</span> <span class='ocrx_word' id='word_1_175' title='bbox 1653 1776 1996 1828; x_wconf 82' lang='lat' dir='ltr'>festinatione</span> <span class='ocrx_word' id='word_1_176' title='bbox 2034 1781 2219 1828; x_wconf 88' lang='lat' dir='ltr'>notum</span> 
     </span>
     <span class='ocr_line' id='line_1_27' title="bbox 336 1846 2218 1915; baseline 0 -17"><span class='ocrx_word' id='word_1_177' title='bbox 336 1847 602 1910; x_wconf 84' lang='lat' dir='ltr'>fecerunt,</span> <span class='ocrx_word' id='word_1_178' title='bbox 653 1848 746 1915; x_wconf 90' lang='lat' dir='ltr'>qui</span> <span class='ocrx_word' id='word_1_179' title='bbox 785 1864 847 1899; x_wconf 91' lang='lat' dir='ltr'>eo</span> <span class='ocrx_word' id='word_1_180' title='bbox 887 1852 1128 1915; x_wconf 91' lang='lat' dir='ltr'>tempore</span> <span class='ocrx_word' id='word_1_181' title='bbox 1173 1848 1230 1899; x_wconf 91' lang='lat' dir='ltr'>in</span> <span class='ocrx_word' id='word_1_182' title='bbox 1268 1847 1522 1899; x_wconf 88' lang='lat' dir='ltr'>Baioaria</span> <span class='ocrx_word' id='word_1_183' title='bbox 1568 1846 1837 1900; x_wconf 85' lang='lat' dir='ltr'>exulabat.</span> <span class='ocrx_word' id='word_1_184' title='bbox 1923 1847 2015 1899; x_wconf 91' lang='lat' dir='ltr'>Ille</span> <span class='ocrx_word' id='word_1_185' title='bbox 2053 1847 2218 1898; x_wconf 84' lang='lat' dir='ltr'>nihilq</span> 
     </span>
     <span class='ocr_line' id='line_1_28' title="bbox 336 1918 2217 1986; baseline 0.001 -17"><span class='ocrx_word' id='word_1_186' title='bbox 336 1923 574 1970; x_wconf 90' lang='lat' dir='ltr'>moratus</span> <span class='ocrx_word' id='word_1_187' title='bbox 621 1919 939 1971; x_wconf 76' lang='lat' dir='ltr'>contractisr</span> <span class='ocrx_word' id='word_1_188' title='bbox 976 1918 1211 1986; x_wconf 89' lang='lat' dir='ltr'>undique</span> <span class='ocrx_word' id='word_1_189' title='bbox 1258 1919 1425 1984; x_wconf 89' lang='lat' dir='ltr'>copiis</span> <span class='ocrx_word' id='word_1_190' title='bbox 1465 1918 1732 1971; x_wconf 87' lang='lat' dir='ltr'>Veronam</span> <span class='ocrx_word' id='word_1_191' title='bbox 1779 1918 2019 1986; x_wconf 88' lang='lat' dir='ltr'>pervenit</span> <span class='ocrx_word' id='word_1_192' title='bbox 2055 1923 2217 1986; x_wconf 86' lang='lat' dir='ltr'>atque</span> 
     </span>
     <span class='ocr_line' id='line_1_29' title="bbox 336 1988 2214 2057; baseline 0 -16"><span class='ocrx_word' id='word_1_193' title='bbox 336 1988 669 2057; x_wconf 86' lang='lat' dir='ltr'>inprovidum</span> <span class='ocrx_word' id='word_1_194' title='bbox 714 1991 885 2042; x_wconf 90' lang='lat' dir='ltr'>virum</span> <span class='ocrx_word' id='word_1_195' title='bbox 931 1990 1053 2042; x_wconf 93' lang='lat' dir='ltr'>dolo</span> <span class='ocrx_word' id='word_1_196' title='bbox 1103 1991 1242 2057; x_wconf 91' lang='lat' dir='ltr'>cepit</span> <span class='ocrx_word' id='word_1_197' title='bbox 1288 1996 1340 2041; x_wconf 91' lang='lat' dir='ltr'>et</span> <span class='ocrx_word' id='word_1_198' title='bbox 1379 1995 1596 2057; x_wconf 88' lang='lat' dir='ltr'>captum</span> <span class='ocrx_word' id='word_1_199' title='bbox 1642 1988 1933 2042; x_wconf 87' lang='lat' dir='ltr'>luminibus</span> <span class='ocrx_word' id='word_1_200' title='bbox 1972 1989 2214 2056; x_wconf 89' lang='lat' dir='ltr'>privavit.</span> 
     </span>
     <span class='ocr_line' id='line_1_30' title="bbox 338 2060 2218 2129; baseline -0.001 -16"><span class='ocrx_word' id='word_1_201' title='bbox 338 2060 615 2127; x_wconf 80' lang='lat' dir='ltr'>Siquidem</span> <span class='ocrx_word' id='word_1_202' title='bbox 654 2060 810 2123; x_wconf 88' lang='lat' dir='ltr'>cives,</span> <span class='ocrx_word' id='word_1_203' title='bbox 853 2062 944 2129; x_wconf 91' lang='lat' dir='ltr'>qui</span> <span class='ocrx_word' id='word_1_204' title='bbox 974 2060 1219 2128; x_wconf 89' lang='lat' dir='ltr'>partibus</span> <span class='ocrx_word' id='word_1_205' title='bbox 1253 2061 1367 2113; x_wconf 88' lang='lat' dir='ltr'>eius</span> <span class='ocrx_word' id='word_1_206' title='bbox 1399 2061 1665 2126; x_wconf 85' lang='lat' dir='ltr'>favebant,</span> <span class='ocrx_word' id='word_1_207' title='bbox 1709 2061 1952 2128; x_wconf 65' lang='lat' dir='ltr'>*portass</span> <span class='ocrx_word' id='word_1_208' title='bbox 1984 2060 2218 2113; x_wconf 88' lang='lat' dir='ltr'>civitatis</span> 
     </span>
     <span class='ocr_line' id='line_1_31' title="bbox 337 2132 2217 2200; baseline -0.001 -16"><span class='ocrx_word' id='word_1_209' title='bbox 337 2133 385 2185; x_wconf 90' lang='lat' dir='ltr'>ei</span> <span class='ocrx_word' id='word_1_210' title='bbox 417 2132 719 2200; x_wconf 90' lang='lat' dir='ltr'>aperientes</span> <span class='ocrx_word' id='word_1_211' title='bbox 752 2136 897 2185; x_wconf 80' lang='lat' dir='ltr'>eumt</span> <span class='ocrx_word' id='word_1_212' title='bbox 934 2137 1192 2184; x_wconf 90' lang='lat' dir='ltr'>nocturno</span> <span class='ocrx_word' id='word_1_213' title='bbox 1225 2136 1462 2199; x_wconf 90' lang='lat' dir='ltr'>tempore</span> <span class='ocrx_word' id='word_1_214' title='bbox 1495 2133 1638 2185; x_wconf 89' lang='lat' dir='ltr'>intra</span> <span class='ocrx_word' id='word_1_215' title='bbox 1668 2149 1849 2184; x_wconf 90' lang='lat' dir='ltr'>muros</span> <span class='ocrx_word' id='word_1_216' title='bbox 1880 2136 2217 2199; x_wconf 81' lang='lat' dir='ltr'>receperunt3</span> 
     </span>
     <span class='ocr_line' id='line_1_32' title="bbox 338 2202 2213 2270; baseline -0.001 -15"><span class='ocrx_word' id='word_1_217' title='bbox 338 2209 390 2256; x_wconf 90' lang='lat' dir='ltr'>et</span> <span class='ocrx_word' id='word_1_218' title='bbox 439 2204 515 2254; x_wconf 88' lang='lat' dir='ltr'>sic</span> <span class='ocrx_word' id='word_1_219' title='bbox 564 2203 833 2270; x_wconf 88' lang='lat' dir='ltr'>insperate</span> <span class='ocrx_word' id='word_1_220' title='bbox 881 2209 932 2255; x_wconf 92' lang='lat' dir='ltr'>et</span> <span class='ocrx_word' id='word_1_221' title='bbox 977 2202 1178 2270; x_wconf 89' lang='lat' dir='ltr'>absque</span> <span class='ocrx_word' id='word_1_222' title='bbox 1225 2203 1674 2269; x_wconf 88' lang='lat' dir='ltr'>premeditatione</span> <span class='ocrx_word' id='word_1_223' title='bbox 1719 2202 2067 2254; x_wconf 87' lang='lat' dir='ltr'>Ludowicusu</span> <span class='ocrx_word' id='word_1_224' title='bbox 2113 2219 2213 2254; x_wconf 89' lang='lat' dir='ltr'>non</span> 
     </span>
     <span class='ocr_line' id='line_1_33' title="bbox 339 2273 2218 2340; baseline -0.001 -14"><span class='ocrx_word' id='word_1_225' title='bbox 339 2274 511 2326; x_wconf 89' lang='lat' dir='ltr'>solum</span> <span class='ocrx_word' id='word_1_226' title='bbox 549 2291 729 2340; x_wconf 83' lang='lat' dir='ltr'>regno,</span> <span class='ocrx_word' id='word_1_227' title='bbox 769 2273 861 2326; x_wconf 92' lang='lat' dir='ltr'>sed</span> <span class='ocrx_word' id='word_1_228' title='bbox 901 2275 1063 2326; x_wconf 92' lang='lat' dir='ltr'>etiam</span> <span class='ocrx_word' id='word_1_229' title='bbox 1102 2274 1269 2326; x_wconf 90' lang='lat' dir='ltr'>oculis</span> <span class='ocrx_word' id='word_1_230' title='bbox 1308 2274 1547 2340; x_wconf 85' lang='lat' dir='ltr'>privatus</span> <span class='ocrx_word' id='word_1_231' title='bbox 1587 2279 1684 2328; x_wconf 92' lang='lat' dir='ltr'>est.</span> <span class='ocrx_word' id='word_1_232' title='bbox 1760 2273 1997 2326; x_wconf 90' lang='lat' dir='ltr'>Tandem</span> <span class='ocrx_word' id='word_1_233' title='bbox 2036 2275 2218 2340; x_wconf 89' lang='lat' dir='ltr'>itaque</span> 
     </span>
     <span class='ocr_line' id='line_1_34' title="bbox 337 2345 2217 2412; baseline -0.001 -16"><span class='ocrx_word' id='word_1_234' title='bbox 337 2345 692 2411; x_wconf 86' lang='lat' dir='ltr'>Berengarius</span> <span class='ocrx_word' id='word_1_235' title='bbox 731 2363 953 2412; x_wconf 82' lang='lat' dir='ltr'>regnum</span> <span class='ocrx_word' id='word_1_236' title='bbox 992 2345 1184 2397; x_wconf 86' lang='lat' dir='ltr'>Italiae</span> <span class='ocrx_word' id='word_1_237' title='bbox 1225 2345 1407 2396; x_wconf 90' lang='lat' dir='ltr'>multis</span> <span class='ocrx_word' id='word_1_238' title='bbox 1449 2345 1703 2397; x_wconf 88' lang='lat' dir='ltr'>caedibus</span> <span class='ocrx_word' id='word_1_239' title='bbox 1743 2349 2099 2407; x_wconf 85' lang='lat' dir='ltr'>cruentatum,</span> <span class='ocrx_word' id='word_1_240' title='bbox 2139 2346 2217 2395; x_wconf 92' lang='lat' dir='ltr'>in-</span> 
     </span>
     <span class='ocr_line' id='line_1_35' title="bbox 337 2415 2218 2484; baseline -0.001 -16"><span class='ocrx_word' id='word_1_241' title='bbox 337 2416 529 2468; x_wconf 85' lang='lat' dir='ltr'>faustis</span> <span class='ocrx_word' id='word_1_242' title='bbox 568 2415 1054 2484; x_wconf 75' lang='lat' dir='ltr'>infortunatisqueV</span> <span class='ocrx_word' id='word_1_243' title='bbox 1091 2416 1275 2482; x_wconf 89' lang='lat' dir='ltr'>preliis</span> <span class='ocrx_word' id='word_1_244' title='bbox 1323 2415 1416 2467; x_wconf 89' lang='lat' dir='ltr'>diu</span> <span class='ocrx_word' id='word_1_245' title='bbox 1463 2418 1827 2484; x_wconf 70' lang='lat' dir='ltr'>quaesitumW,</span> <span class='ocrx_word' id='word_1_246' title='bbox 1879 2433 1998 2467; x_wconf 88' lang='lat' dir='ltr'>cum</span> <span class='ocrx_word' id='word_1_247' title='bbox 2037 2415 2218 2468; x_wconf 88' lang='lat' dir='ltr'>huius-</span> 
     </span>
     <span class='ocr_line' id='line_1_36' title="bbox 337 2486 2218 2554; baseline -0.002 -14"><span class='ocrx_word' id='word_1_248' title='bbox 337 2486 546 2540; x_wconf 92' lang='lat' dir='ltr'>cemodi</span> <span class='ocrx_word' id='word_1_249' title='bbox 599 2486 873 2554; x_wconf 89' lang='lat' dir='ltr'>triumpho</span> <span class='ocrx_word' id='word_1_250' title='bbox 928 2487 1176 2541; x_wconf 86' lang='lat' dir='ltr'>obtinuit.</span> <span class='ocrx_word' id='word_1_251' title='bbox 1273 2486 1473 2538; x_wconf 89' lang='lat' dir='ltr'>Eodem</span> <span class='ocrx_word' id='word_1_252' title='bbox 1527 2504 1666 2540; x_wconf 88' lang='lat' dir='ltr'>anno</span> <span class='ocrx_word' id='word_1_253' title='bbox 1726 2488 1781 2539; x_wconf 91' lang='lat' dir='ltr'>in</span> <span class='ocrx_word' id='word_1_254' title='bbox 1840 2504 2022 2539; x_wconf 90' lang='lat' dir='ltr'>mense</span> <span class='ocrx_word' id='word_1_255' title='bbox 2076 2486 2218 2538; x_wconf 88' lang='lat' dir='ltr'>Maio</span> 
     </span>
     <span class='ocr_line' id='line_1_37' title="bbox 337 2557 2218 2627; baseline 0.001 -18"><span class='ocrx_word' id='word_1_256' title='bbox 337 2563 600 2610; x_wconf 82' lang='lat' dir='ltr'>cometesX</span> <span class='ocrx_word' id='word_1_257' title='bbox 638 2558 794 2610; x_wconf 87' lang='lat' dir='ltr'>stella</span> <span class='ocrx_word' id='word_1_258' title='bbox 833 2559 1085 2627; x_wconf 88' lang='lat' dir='ltr'>apparuit</span> <span class='ocrx_word' id='word_1_259' title='bbox 1125 2564 1176 2611; x_wconf 91' lang='lat' dir='ltr'>et</span> <span class='ocrx_word' id='word_1_260' title='bbox 1224 2557 1280 2609; x_wconf 91' lang='lat' dir='ltr'>in</span> <span class='ocrx_word' id='word_1_261' title='bbox 1318 2575 1497 2610; x_wconf 91' lang='lat' dir='ltr'>mense</span> <span class='ocrx_word' id='word_1_262' title='bbox 1538 2559 1780 2627; x_wconf 82' lang='lat' dir='ltr'>Augusto</span> <span class='ocrx_word' id='word_1_263' title='bbox 1821 2558 1951 2611; x_wconf 91' lang='lat' dir='ltr'>haec</span> <span class='ocrx_word' id='word_1_264' title='bbox 1989 2558 2218 2610; x_wconf 88' lang='lat' dir='ltr'>mutatio</span> 
     </span>
     <span class='ocr_line' id='line_1_38' title="bbox 338 2629 1329 2756; baseline 0.004 -76"><span class='ocrx_word' id='word_1_265' title='bbox 338 2630 489 2697; x_wconf 83' lang='lat' dir='ltr'>regni</span> <span class='ocrx_word' id='word_1_266' title='bbox 527 2629 671 2681; x_wconf 85' lang='lat' dir='ltr'>facta</span> <span class='ocrx_word' id='word_1_267' title='bbox 710 2635 803 2682; x_wconf 89' lang='lat' dir='ltr'>est.</span> <span class='ocrx_word' id='word_1_268' title='bbox 1208 2697 1329 2756; x_wconf 71' lang='grc'>906</span> 
     </span>
    </p>
   </div>
   <div class='ocr_carea' id='block_1_8' title="bbox 336 2783 2219 2995">
    <p class='ocr_par' dir='ltr' id='par_1_8' title="bbox 336 2783 2219 2995">
     <span class='ocr_line' id='line_1_39' title="bbox 480 2783 2219 2838; baseline 0 -2"><span class='ocrx_word' id='word_1_269' title='bbox 480 2786 631 2837; x_wconf 93' lang='lat' dir='ltr'>Anno</span> <span class='ocrx_word' id='word_1_270' title='bbox 685 2785 983 2837; x_wconf 88' lang='lat' dir='ltr'>dominicae</span> <span class='ocrx_word' id='word_1_271' title='bbox 1035 2785 1420 2837; x_wconf 89' lang='lat' dir='ltr'>incarnationis</span> <span class='ocrx_word' id='word_1_272' title='bbox 1475 2783 1830 2838; x_wconf 72' lang='lat' dir='ltr'>DCCCCVI.y</span> <span class='ocrx_word' id='word_1_273' title='bbox 1877 2783 2219 2836; x_wconf 86' lang='lat' dir='ltr'>Cuonradusz</span> 
     </span>
     <span class='ocr_line' id='line_1_40' title="bbox 336 2856 2218 2909; baseline -0.001 -1"><span class='ocrx_word' id='word_1_274' title='bbox 336 2873 510 2908; x_wconf 91' lang='lat' dir='ltr'>comes</span> <span class='ocrx_word' id='word_1_275' title='bbox 558 2856 728 2907; x_wconf 92' lang='lat' dir='ltr'>filium</span> <span class='ocrx_word' id='word_1_276' title='bbox 775 2874 929 2909; x_wconf 88' lang='lat' dir='ltr'>suum</span> <span class='ocrx_word' id='word_1_277' title='bbox 970 2856 1345 2908; x_wconf 88' lang='lat' dir='ltr'>Cuonradumz</span> <span class='ocrx_word' id='word_1_278' title='bbox 1390 2856 1536 2909; x_wconf 88' lang='lat' dir='ltr'>misit</span> <span class='ocrx_word' id='word_1_279' title='bbox 1580 2873 1700 2908; x_wconf 91' lang='lat' dir='ltr'>cum</span> <span class='ocrx_word' id='word_1_280' title='bbox 1741 2860 2073 2907; x_wconf 90' lang='lat' dir='ltr'>armatorum</span> <span class='ocrx_word' id='word_1_281' title='bbox 2112 2871 2218 2907; x_wconf 92' lang='lat' dir='ltr'>non</span> 
     </span>
     <span class='ocr_line' id='line_1_41' title="bbox 338 2926 2218 2995; baseline 0.001 -17"><span class='ocrx_word' id='word_1_282' title='bbox 338 2926 549 2979; x_wconf 85' lang='lat' dir='ltr'>modica</span> <span class='ocrx_word' id='word_1_283' title='bbox 583 2944 759 2989; x_wconf 90' lang='lat' dir='ltr'>manu,</span> <span class='ocrx_word' id='word_1_284' title='bbox 800 2932 888 2979; x_wconf 72' lang='lat' dir='ltr'>uta</span> <span class='ocrx_word' id='word_1_285' title='bbox 917 2929 1186 2979; x_wconf 89' lang='lat' dir='ltr'>irruerent</span> <span class='ocrx_word' id='word_1_286' title='bbox 1217 2945 1377 2995; x_wconf 90' lang='lat' dir='ltr'>super</span> <span class='ocrx_word' id='word_1_287' title='bbox 1407 2926 1739 2980; x_wconf 85' lang='lat' dir='ltr'>Gerardumb</span> <span class='ocrx_word' id='word_1_288' title='bbox 1771 2933 1823 2979; x_wconf 91' lang='lat' dir='ltr'>et</span> <span class='ocrx_word' id='word_1_289' title='bbox 1853 2926 2073 2979; x_wconf 86' lang='lat' dir='ltr'>fratrem</span> <span class='ocrx_word' id='word_1_290' title='bbox 2105 2927 2218 2979; x_wconf 91' lang='lat' dir='ltr'>eius</span> 
     </span>
    </p>
   </div>
   <div class='ocr_carea' id='block_1_9' title="bbox 338 3053 2220 3348">
    <p class='ocr_par' dir='ltr' id='par_1_9' title="bbox 338 3053 2220 3348">
     <span class='ocr_line' id='line_1_42' title="bbox 338 3053 2218 3094; baseline 0.001 -12"><span class='ocrx_word' id='word_1_291' title='bbox 338 3055 371 3082; x_wconf 75' lang='lat' dir='ltr'>a‘:</span> <span class='ocrx_word' id='word_1_292' title='bbox 405 3054 606 3092; x_wconf 79' lang='lat' dir='ltr'>possiderat</span> <span class='ocrx_word' id='word_1_293' title='bbox 630 3055 660 3085; x_wconf 95' lang='grc' dir='ltr'><em>Β</em></span> <span class='ocrx_word' id='word_1_294' title='bbox 676 3056 706 3087; x_wconf 81' lang='lat'>2.</span> <span class='ocrx_word' id='word_1_295' title='bbox 808 3054 846 3094; x_wconf 86' lang='lat' dir='ltr'>b)</span> <span class='ocrx_word' id='word_1_296' title='bbox 882 3055 1068 3093; x_wconf 85' lang='lat' dir='ltr'>cipiditate</span> <span class='ocrx_word' id='word_1_297' title='bbox 1091 3055 1121 3085; x_wconf 87' lang='lat' dir='ltr'><em>A</em></span> <span class='ocrx_word' id='word_1_298' title='bbox 1140 3057 1169 3085; x_wconf 92' lang='grc'>1.</span> <span class='ocrx_word' id='word_1_299' title='bbox 1269 3054 1301 3093; x_wconf 87' lang='lat' dir='ltr'>c)</span> <span class='ocrx_word' id='word_1_300' title='bbox 1337 3055 1613 3093; x_wconf 79' lang='lat' dir='ltr'>cum—palatio</span> <span class='ocrx_word' id='word_1_301' title='bbox 1637 3053 1761 3086; x_wconf 75' lang='lat' dir='ltr'>desunt</span> <span class='ocrx_word' id='word_1_302' title='bbox 1783 3055 1815 3085; x_wconf 97' lang='grc' dir='ltr'><em>Β</em></span> <span class='ocrx_word' id='word_1_303' title='bbox 1831 3055 1862 3092; x_wconf 89' lang='lat'>3,</span> <span class='ocrx_word' id='word_1_304' title='bbox 1897 3062 1968 3085; x_wconf 75' lang='lat' dir='ltr'>una</span> <span class='ocrx_word' id='word_1_305' title='bbox 1991 3056 2086 3084; x_wconf 74' lang='lat' dir='ltr'>linea</span> <span class='ocrx_word' id='word_1_306' title='bbox 2108 3062 2218 3084; x_wconf 73' lang='lat' dir='ltr'>vacua</span> 
     </span>
     <span class='ocr_line' id='line_1_43' title="bbox 338 3096 2220 3136; baseline 0.001 -11"><span class='ocrx_word' id='word_1_307' title='bbox 338 3097 472 3127; x_wconf 76' lang='lat' dir='ltr'>relicta.</span> <span class='ocrx_word' id='word_1_308' title='bbox 563 3097 598 3133; x_wconf 84' lang='lat' dir='ltr'>(l)</span> <span class='ocrx_word' id='word_1_309' title='bbox 622 3098 720 3127; x_wconf 85' lang='lat' dir='ltr'>fulco</span> <span class='ocrx_word' id='word_1_310' title='bbox 745 3097 776 3127; x_wconf 88' lang='grc' dir='ltr'><em>Β</em></span> <span class='ocrx_word' id='word_1_311' title='bbox 794 3099 823 3128; x_wconf 83' lang='grc'>2.</span> <span class='ocrx_word' id='word_1_312' title='bbox 915 3098 948 3136; x_wconf 92' lang='lat' dir='ltr'>e)</span> <span class='ocrx_word' id='word_1_313' title='bbox 972 3097 1164 3128; x_wconf 82' lang='lat' dir='ltr'>trutidavit</span> <span class='ocrx_word' id='word_1_314' title='bbox 1188 3097 1219 3126; x_wconf 90' lang='lat' dir='ltr'><em>B</em></span> <span class='ocrx_word' id='word_1_315' title='bbox 1239 3100 1265 3129; x_wconf 90' lang='grc'>1.</span> <span class='ocrx_word' id='word_1_316' title='bbox 1359 3097 1389 3136; x_wconf 86' lang='lat' dir='ltr'>f)</span> <span class='ocrx_word' id='word_1_317' title='bbox 1414 3097 1622 3128; x_wconf 82' lang='lat' dir='ltr'>cathedram</span> <span class='ocrx_word' id='word_1_318' title='bbox 1647 3098 1678 3127; x_wconf 88' lang='lat' dir='ltr'><em>B</em></span> <span class='ocrx_word' id='word_1_319' title='bbox 1695 3098 1726 3127; x_wconf 79' lang='lat'>2.</span> <span class='ocrx_word' id='word_1_320' title='bbox 1825 3096 1861 3136; x_wconf 88' lang='lat' dir='ltr'>g)</span> <span class='ocrx_word' id='word_1_321' title='bbox 1887 3097 2110 3127; x_wconf 85' lang='lat' dir='ltr'>Heinbertus</span> <span class='ocrx_word' id='word_1_322' title='bbox 2134 3096 2165 3127; x_wconf 90' lang='lat' dir='ltr'><em>A</em></span> <span class='ocrx_word' id='word_1_323' title='bbox 2184 3098 2220 3134; x_wconf 89' lang='grc'>1;</span> 
     </span>
     <span class='ocr_line' id='line_1_44' title="bbox 338 3138 2215 3179; baseline 0.001 -11"><span class='ocrx_word' id='word_1_324' title='bbox 338 3138 512 3169; x_wconf 82' lang='lat' dir='ltr'>hireneus</span> <span class='ocrx_word' id='word_1_325' title='bbox 537 3139 566 3169; x_wconf 90' lang='lat' dir='ltr'><strong><em>A</em></strong></span> <span class='ocrx_word' id='word_1_326' title='bbox 583 3141 619 3175; x_wconf 81' lang='lat'>33</span> <span class='ocrx_word' id='word_1_327' title='bbox 652 3139 831 3170; x_wconf 82' lang='lat' dir='ltr'>hereneus</span> <span class='ocrx_word' id='word_1_328' title='bbox 857 3140 888 3170; x_wconf 91' lang='grc' dir='ltr'><em>Β</em></span> <span class='ocrx_word' id='word_1_329' title='bbox 907 3142 934 3170; x_wconf 92' lang='grc'>1.</span> <span class='ocrx_word' id='word_1_330' title='bbox 1026 3140 1065 3178; x_wconf 90' lang='lat' dir='ltr'>h)</span> <span class='ocrx_word' id='word_1_331' title='bbox 1087 3139 1254 3170; x_wconf 81' lang='lat' dir='ltr'>sublatus</span> <span class='ocrx_word' id='word_1_332' title='bbox 1277 3139 1306 3169; x_wconf 90' lang='lat' dir='ltr'><em>A</em></span> <span class='ocrx_word' id='word_1_333' title='bbox 1327 3141 1354 3169; x_wconf 91' lang='lat'>1.</span> <span class='ocrx_word' id='word_1_334' title='bbox 1446 3140 1471 3172; x_wconf 69' lang='lat' dir='ltr'>i)</span> <span class='ocrx_word' id='word_1_335' title='bbox 1500 3139 1742 3170; x_wconf 84' lang='lat' dir='ltr'>Vuinmarum</span> <span class='ocrx_word' id='word_1_336' title='bbox 1766 3140 1796 3169; x_wconf 88' lang='lat' dir='ltr'><em>A</em></span> <span class='ocrx_word' id='word_1_337' title='bbox 1816 3142 1845 3169; x_wconf 87' lang='lat'>1.</span> <span class='ocrx_word' id='word_1_338' title='bbox 1935 3139 1974 3179; x_wconf 86' lang='lat' dir='ltr'>k)</span> <span class='ocrx_word' id='word_1_339' title='bbox 2000 3139 2115 3169; x_wconf 85' lang='lat' dir='ltr'>celere</span> <span class='ocrx_word' id='word_1_340' title='bbox 2139 3139 2169 3169; x_wconf 90' lang='lat' dir='ltr'><em>A</em></span> <span class='ocrx_word' id='word_1_341' title='bbox 2187 3141 2215 3169; x_wconf 90' lang='lat'>1.</span> 
     </span>
     <span class='ocr_line' id='line_1_45' title="bbox 338 3180 2220 3221; baseline 0 -11"><span class='ocrx_word' id='word_1_342' title='bbox 338 3180 364 3214; x_wconf 82' lang='grc'>1)</span> <span class='ocrx_word' id='word_1_343' title='bbox 389 3181 533 3211; x_wconf 87' lang='lat' dir='ltr'>Dccccu</span> <span class='ocrx_word' id='word_1_344' title='bbox 557 3190 643 3211; x_wconf 81' lang='lat' dir='ltr'>corr.</span> <span class='ocrx_word' id='word_1_345' title='bbox 672 3191 694 3211; x_wconf 79' lang='lat' dir='ltr'>v</span> <span class='ocrx_word' id='word_1_346' title='bbox 720 3182 750 3211; x_wconf 89' lang='lat' dir='ltr'><em>B</em></span> <span class='ocrx_word' id='word_1_347' title='bbox 767 3183 797 3211; x_wconf 76' lang='lat'>2.</span> <span class='ocrx_word' id='word_1_348' title='bbox 909 3182 960 3219; x_wconf 90' lang='lat' dir='ltr'>m)</span> <span class='ocrx_word' id='word_1_349' title='bbox 983 3182 1071 3213; x_wconf 89' lang='lat' dir='ltr'>Lod.</span> <span class='ocrx_word' id='word_1_350' title='bbox 1097 3182 1125 3212; x_wconf 89' lang='lat' dir='ltr'><em>A</em></span> <span class='ocrx_word' id='word_1_351' title='bbox 1144 3183 1174 3212; x_wconf 91' lang='lat'>3.</span> <span class='ocrx_word' id='word_1_352' title='bbox 1284 3181 1322 3218; x_wconf 85' lang='lat' dir='ltr'>n)</span> <span class='ocrx_word' id='word_1_353' title='bbox 1348 3182 1499 3213; x_wconf 83' lang='lat' dir='ltr'>busonis</span> <span class='ocrx_word' id='word_1_354' title='bbox 1523 3190 1699 3221; x_wconf 72' lang='lat' dir='ltr'>super-scr.</span> <span class='ocrx_word' id='word_1_355' title='bbox 1726 3190 1744 3211; x_wconf 93' lang='lat' dir='ltr'>o</span> <span class='ocrx_word' id='word_1_356' title='bbox 1768 3182 1798 3211; x_wconf 88' lang='lat' dir='ltr'><em>A</em></span> <span class='ocrx_word' id='word_1_357' title='bbox 1817 3184 1846 3211; x_wconf 83' lang='lat'>1.</span> <span class='ocrx_word' id='word_1_358' title='bbox 1958 3180 1993 3220; x_wconf 93' lang='grc' dir='ltr'>ο)</span> <span class='ocrx_word' id='word_1_359' title='bbox 2016 3189 2098 3211; x_wconf 87' lang='lat' dir='ltr'>cum</span> <span class='ocrx_word' id='word_1_360' title='bbox 2123 3189 2220 3212; x_wconf 86' lang='lat' dir='ltr'>exer-</span> 
     </span>
     <span class='ocr_line' id='line_1_46' title="bbox 339 3222 2217 3262; baseline 0.001 -9"><span class='ocrx_word' id='word_1_361' title='bbox 339 3223 413 3253; x_wconf 90' lang='lat' dir='ltr'>citu</span> <span class='ocrx_word' id='word_1_362' title='bbox 438 3232 519 3253; x_wconf 88' lang='lat' dir='ltr'>cum</span> <span class='ocrx_word' id='word_1_363' title='bbox 544 3225 572 3254; x_wconf 81' lang='lat' dir='ltr'><em>A</em></span> <span class='ocrx_word' id='word_1_364' title='bbox 592 3226 621 3254; x_wconf 87' lang='lat'>1.</span> <span class='ocrx_word' id='word_1_365' title='bbox 734 3225 769 3262; x_wconf 87' lang='lat' dir='ltr'>p)</span> <span class='ocrx_word' id='word_1_366' title='bbox 805 3223 1001 3254; x_wconf 79' lang='lat' dir='ltr'>adalhardo</span> <span class='ocrx_word' id='word_1_367' title='bbox 1026 3225 1073 3262; x_wconf 82' lang='lat' dir='ltr'>A;</span> <span class='ocrx_word' id='word_1_368' title='bbox 1105 3224 1273 3255; x_wconf 85' lang='lat' dir='ltr'>adelardo</span> <span class='ocrx_word' id='word_1_369' title='bbox 1299 3224 1330 3254; x_wconf 88' lang='lat' dir='ltr'><em>B</em></span> <span class='ocrx_word' id='word_1_370' title='bbox 1347 3225 1378 3254; x_wconf 77' lang='lat'>2.</span> <span class='ocrx_word' id='word_1_371' title='bbox 1484 3222 1521 3262; x_wconf 86' lang='lat' dir='ltr'>q)</span> <span class='ocrx_word' id='word_1_372' title='bbox 1557 3225 1609 3254; x_wconf 86' lang='lat' dir='ltr'>nil</span> <span class='ocrx_word' id='word_1_373' title='bbox 1633 3224 1662 3254; x_wconf 83' lang='lat' dir='ltr'><em>A</em></span> <span class='ocrx_word' id='word_1_374' title='bbox 1679 3224 1710 3254; x_wconf 88' lang='lat'>3.</span> <span class='ocrx_word' id='word_1_375' title='bbox 1736 3224 1767 3253; x_wconf 92' lang='grc' dir='ltr'><em>Β</em></span> <span class='ocrx_word' id='word_1_376' title='bbox 1785 3224 1814 3253; x_wconf 81' lang='lat'>2.</span> <span class='ocrx_word' id='word_1_377' title='bbox 1920 3222 1951 3262; x_wconf 88' lang='lat' dir='ltr'>r)</span> <span class='ocrx_word' id='word_1_378' title='bbox 1987 3224 2113 3254; x_wconf 86' lang='lat' dir='ltr'>tractis</span> <span class='ocrx_word' id='word_1_379' title='bbox 2138 3224 2217 3254; x_wconf 72' lang='grc' dir='ltr'>ΒΞ.</span> 
     </span>
     <span class='ocr_line' id='line_1_47' title="bbox 339 3264 2220 3306; baseline 0.001 -12"><span class='ocrx_word' id='word_1_380' title='bbox 339 3264 370 3304; x_wconf 81' lang='lat' dir='ltr'>s)</span> <span class='ocrx_word' id='word_1_381' title='bbox 404 3266 484 3296; x_wconf 85' lang='lat' dir='ltr'>Hic</span> <span class='ocrx_word' id='word_1_382' title='bbox 515 3265 682 3296; x_wconf 76' lang='lat' dir='ltr'>desinit</span> <span class='ocrx_word' id='word_1_383' title='bbox 715 3266 849 3296; x_wconf 77' lang='lat' dir='ltr'>codex</span> <span class='ocrx_word' id='word_1_384' title='bbox 874 3267 939 3297; x_wconf 80' lang='lat'>133</span> <span class='ocrx_word' id='word_1_385' title='bbox 970 3275 1052 3296; x_wconf 75' lang='lat' dir='ltr'>non</span> <span class='ocrx_word' id='word_1_386' title='bbox 1083 3268 1280 3297; x_wconf 73' lang='lat' dir='ltr'>mutilus.</span> <span class='ocrx_word' id='word_1_387' title='bbox 1366 3265 1393 3300; x_wconf 73' lang='lat' dir='ltr'>t)</span> <span class='ocrx_word' id='word_1_388' title='bbox 1416 3274 1496 3296; x_wconf 89' lang='lat' dir='ltr'>cum</span> <span class='ocrx_word' id='word_1_389' title='bbox 1521 3266 1550 3297; x_wconf 86' lang='lat' dir='ltr'><em>A</em></span> <span class='ocrx_word' id='word_1_390' title='bbox 1570 3269 1599 3296; x_wconf 85' lang='lat'>1.</span> <span class='ocrx_word' id='word_1_391' title='bbox 1684 3265 1721 3306; x_wconf 92' lang='lat' dir='ltr'>u)</span> <span class='ocrx_word' id='word_1_392' title='bbox 1745 3265 1815 3295; x_wconf 90' lang='lat' dir='ltr'>lod.</span> <span class='ocrx_word' id='word_1_393' title='bbox 1842 3266 1920 3296; x_wconf 87' lang='lat' dir='ltr'>A3.</span> <span class='ocrx_word' id='word_1_394' title='bbox 2010 3267 2046 3304; x_wconf 82' lang='lat' dir='ltr'>v)</span> <span class='ocrx_word' id='word_1_395' title='bbox 2071 3266 2220 3296; x_wconf 87' lang='lat' dir='ltr'>infortu-</span> 
     </span>
     <span class='ocr_line' id='line_1_48' title="bbox 338 3306 2216 3348; baseline 0.002 -12"><span class='ocrx_word' id='word_1_396' title='bbox 338 3309 434 3337; x_wconf 82' lang='lat' dir='ltr'>natis</span> <span class='ocrx_word' id='word_1_397' title='bbox 458 3309 500 3338; x_wconf 76' lang='lat' dir='ltr'>A.</span> <span class='ocrx_word' id='word_1_398' title='bbox 612 3308 656 3346; x_wconf 80' lang='lat' dir='ltr'>w)</span> <span class='ocrx_word' id='word_1_399' title='bbox 694 3307 827 3346; x_wconf 88' lang='lat' dir='ltr'>diuque</span> <span class='ocrx_word' id='word_1_400' title='bbox 855 3308 963 3338; x_wconf 85' lang='lat' dir='ltr'>situm</span> <span class='ocrx_word' id='word_1_401' title='bbox 996 3310 1025 3339; x_wconf 91' lang='lat' dir='ltr'><em>A</em></span> <span class='ocrx_word' id='word_1_402' title='bbox 1046 3311 1074 3338; x_wconf 92' lang='lat'>1.</span> <span class='ocrx_word' id='word_1_403' title='bbox 1102 3310 1180 3339; x_wconf 83' lang='grc' dir='ltr'>Β2.</span> <span class='ocrx_word' id='word_1_404' title='bbox 1293 3306 1329 3346; x_wconf 80' lang='lat' dir='ltr'>x)</span> <span class='ocrx_word' id='word_1_405' title='bbox 1369 3310 1497 3339; x_wconf 84' lang='lat' dir='ltr'>comite</span> <span class='ocrx_word' id='word_1_406' title='bbox 1530 3309 1561 3338; x_wconf 91' lang='grc' dir='ltr'><em>Β</em></span> <span class='ocrx_word' id='word_1_407' title='bbox 1579 3309 1610 3339; x_wconf 82' lang='grc'>2.</span> <span class='ocrx_word' id='word_1_408' title='bbox 1722 3309 1760 3347; x_wconf 73' lang='lat' dir='ltr'>y)</span> <span class='ocrx_word' id='word_1_409' title='bbox 1799 3308 1904 3339; x_wconf 88' lang='lat' dir='ltr'>Anno</span> <span class='ocrx_word' id='word_1_410' title='bbox 1930 3313 1967 3338; x_wconf 88' lang='lat' dir='ltr'>ut</span> <span class='ocrx_word' id='word_1_411' title='bbox 1999 3317 2107 3348; x_wconf 86' lang='lat' dir='ltr'>supra</span> <span class='ocrx_word' id='word_1_412' title='bbox 2138 3310 2216 3339; x_wconf 86' lang='grc' dir='ltr'>Β2.</span> 
     </span>
    </p>
   </div>
   <div class='ocr_carea' id='block_1_10' title="bbox 340 3349 2219 3490">
    <p class='ocr_par' dir='ltr' id='par_1_10' title="bbox 340 3349 2219 3490">
     <span class='ocr_line' id='line_1_49' title="bbox 340 3349 1510 3390; baseline 0.002 -11"><span class='ocrx_word' id='word_1_413' title='bbox 340 3359 373 3387; x_wconf 78' lang='lat' dir='ltr'>z)</span> <span class='ocrx_word' id='word_1_414' title='bbox 398 3349 504 3380; x_wconf 85' lang='lat' dir='ltr'>Conr.</span> <span class='ocrx_word' id='word_1_415' title='bbox 532 3350 561 3380; x_wconf 90' lang='lat' dir='ltr'><em>A</em></span> <span class='ocrx_word' id='word_1_416' title='bbox 578 3351 607 3381; x_wconf 89' lang='lat'>3.</span> <span class='ocrx_word' id='word_1_417' title='bbox 701 3350 735 3390; x_wconf 84' lang='lat' dir='ltr'>a)</span> <span class='ocrx_word' id='word_1_418' title='bbox 760 3355 935 3381; x_wconf 80' lang='lat' dir='ltr'>manuunt</span> <span class='ocrx_word' id='word_1_419' title='bbox 959 3352 988 3381; x_wconf 85' lang='lat' dir='ltr'><em>A</em></span> <span class='ocrx_word' id='word_1_420' title='bbox 1009 3353 1038 3382; x_wconf 91' lang='grc'>1.</span> <span class='ocrx_word' id='word_1_421' title='bbox 1129 3350 1165 3389; x_wconf 93' lang='lat' dir='ltr'>b)</span> <span class='ocrx_word' id='word_1_422' title='bbox 1189 3350 1408 3388; x_wconf 81' lang='lat' dir='ltr'>gerhardum</span> <span class='ocrx_word' id='word_1_423' title='bbox 1433 3352 1462 3381; x_wconf 89' lang='lat' dir='ltr'><em>A</em></span> <span class='ocrx_word' id='word_1_424' title='bbox 1479 3352 1510 3381; x_wconf 89' lang='lat'>3.</span> 
     </span>
     <span class='ocr_line' id='line_1_50' title="bbox 342 3434 2219 3490; baseline 0 -12"><span class='ocrx_word' id='word_1_425' title='bbox 342 3434 382 3486; x_wconf 88' lang='lat'>1)</span> <span class='ocrx_word' id='word_1_426' title='bbox 423 3437 480 3478; x_wconf 94' lang='lat' dir='ltr'>A.</span> <span class='ocrx_word' id='word_1_427' title='bbox 506 3436 602 3478; x_wconf 72' lang='lat'>898.</span> <span class='ocrx_word' id='word_1_428' title='bbox 663 3437 734 3478; x_wconf 80' lang='lat' dir='ltr'>De</span> <span class='ocrx_word' id='word_1_429' title='bbox 773 3435 859 3478; x_wconf 78' lang='lat' dir='ltr'>hac</span> <span class='ocrx_word' id='word_1_430' title='bbox 899 3449 1012 3478; x_wconf 75' lang='lat' dir='ltr'>nova</span> <span class='ocrx_word' id='word_1_431' title='bbox 1046 3435 1287 3479; x_wconf 76' lang='lat' dir='ltr'>Ludowicz‘</span> <span class='ocrx_word' id='word_1_432' title='bbox 1326 3435 1609 3489; x_wconf 70' lang='lat' dir='ltr'>expeditione</span> <span class='ocrx_word' id='word_1_433' title='bbox 1650 3437 1885 3479; x_wconf 66' lang='lat' dir='ltr'>Dizmmler</span> <span class='ocrx_word' id='word_1_434' title='bbox 1915 3437 2018 3489; x_wconf 88' lang='lat' dir='ltr'>III,</span> <span class='ocrx_word' id='word_1_435' title='bbox 2049 3438 2133 3481; x_wconf 77' lang='lat'>536</span> <span class='ocrx_word' id='word_1_436' title='bbox 2156 3449 2219 3490; x_wconf 83' lang='lat' dir='ltr'>sq.</span> 
     </span>
    </p>
   </div>
   <div class='ocr_carea' id='block_1_11' title="bbox 2243 2087 2409 2126">
    <p class='ocr_par' dir='ltr' id='par_1_11' title="bbox 2243 2087 2409 2126">
     <span class='ocr_line' id='line_1_51' title="bbox 2243 2087 2409 2126; baseline -0.012 -8"><span class='ocrx_word' id='word_1_437' title='bbox 2243 2087 2259 2103; x_wconf 85' lang='lat'>*</span> <span class='ocrx_word' id='word_1_438' title='bbox 2282 2098 2317 2126; x_wconf 81' lang='lat' dir='ltr'>p.</span> <span class='ocrx_word' id='word_1_439' title='bbox 2337 2087 2409 2118; x_wconf 81' lang='lat'>611.</span> 
     </span>
    </p>
   </div>
  </div>
 </body>
</html>
