2491 3724
63 359 174 399 (Ann.
191 353 299 387 Fam.
310 351 352 393 ‘?).

59 585 173 622 (Anu.
191 579 348 618 Fu1d.?).

74 1201 156 1244 941
189 1205 278 1235 Dec.
296 1202 348 1234 25.

63 1348 173 1388 (Ann.
192 1343 348 1384 Fu1d.?).

248 1551 344 1593 9412.

214 2001 346 2055 (944).

215 2316 348 2368 (945).

104 2395 194 2426 Mai.
213 2395 348 2425 12—14.

379 143 461 185 162
727 138 1137 183 CONTINUATIO
1169 138 1511 183 REGINONIS.
1572 139 1624 183 A.
1649 143 1905 186 941—944.

376 267 462 318 cui
494 266 617 319 Otto
658 282 834 319 comes
872 266 927 316 in
967 263 1154 316 eodem
1193 263 1393 316 ducatu
1431 265 1737 318 successitl.
1814 266 1854 316 F
1857 266 2117 320 ridericus
2150 270 2258 336 epi—

380 355 570 405 scopus
610 355 641 390 a
680 336 849 388 Fulda
887 335 1192 387 remittitur.

1253 457 1386 518 941.

521 559 989 613 DCCCCXXXXI.
1030 559 1347 611 Heinricusa
1391 558 1560 611 frater
1596 560 1735 626 regis
1783 578 1900 612 cum
1940 561 2260 628 quibusdam

380 631 677 684 Saxonibus
716 635 903 682 contra
939 647 1116 697 regem
1149 631 1435 698 conspirat,
1477 647 1704 698 quorum
1737 632 1829 698 qui
1861 633 2088 684 maiores
2119 632 2259 684 vide-

374 703 587 768 bantur,
628 719 722 753 rex
762 701 1017 752 decollari
1055 700 1275 753 iubebat
1289 701 1324 753 2.
1413 701 1657 753 Fratrem
1694 719 1815 754 vero
1855 720 2007 754 suum
2048 702 2260 770 Inglen-

375 772 517 824 heim
548 771 821 824 custodiae
852 772 1212 839 mancipabat.
1281 774 1322 824 F
1325 772 1618 824 ridericusb
1649 773 2100 841 archiepiscopuS,
2135 776 2261 840 quia

376 843 787 909 conspirationis
819 842 978 893 huius
1009 843 1277 910 particeps
1308 842 1607 905 videbatur,
1647 843 1864 911 publica
1895 861 1951 896 se
1991 846 2262 896 examina-

374 914 534 977 tione,
566 913 908 980 perceptione
935 913 1176 978 corporis
1204 918 1255 965 et
1279 914 1554 980 sanguinis
1581 915 1812 980 Domini,
1848 932 2031 967 coram
2062 916 2260 983 populo

374 986 426 1036 in
470 984 695 1036 ecclesia
731 984 994 1051 purgavit.

1248 1078 1369 1137 942

520 1179 1020 1232 DCCCCXXXXII.
1083 1196 1178 1230 rex
1243 1180 1478 1231 natalem
1545 1179 1761 1231 Domini
1827 1179 2264 1234 Franconofurdc

376 1251 686 1314 celebravit,
746 1250 839 1302 ubi
877 1250 1045 1302 frater
1083 1250 1228 1302 eiusd
1273 1268 1367 1318 per
1406 1249 1803 1302 Ruodbertume
1848 1251 2264 1319 Mogontiensisf

376 1323 631 1374 ecclesiae
680 1321 962 1374 diaconum
1011 1321 1310 1373 custodiam
1358 1326 1521 1373 noctu
1567 1321 1706 1373 clam
1753 1322 2070 1389 aufugiensg
2115 1330 2264 1376 ante-

374 1394 566 1446 lucano
614 1398 853 1462 tempore
912 1393 1056 1458 regis
1104 1393 1388 1444 ecclesiam
1445 1392 1694 1444 adeuntis
1739 1393 1967 1459 pedibus
2018 1394 2266 1447 accubuit

375 1470 426 1516 et
464 1481 717 1516 concessa
755 1465 909 1516 venia
955 1463 1406 1526 misericordiam,
1456 1480 1618 1530 quam
1657 1466 1963 1530 precaturh,
2014 1465 2262 1518 obtinuit.

521 1536 737 1588 Bonnai
783 1535 1001 1587 castello
1047 1534 1292 1599 preclara
1339 1535 1559 1586 sinodus
1606 1552 1638 1586 a
1675 1535 1860 1602 viginti
1908 1535 2115 1588 duobus
2155 1538 2263 1604 epi-

375 1608 548 1674 scopis
573 1605 851 1658 habetur3.
901 1605 940 1656 T
945 1606 1175 1657 reverisk
1200 1604 1426 1657 basilica
1445 1607 1615 1657 sancti
1633 1605 1912 1657 Maximini
1929 1606 2264 1660 dedicatur4.

377 1677 534 1729 Sidus
585 1677 757 1728 simile
809 1681 1045 1728 cometae
1095 1694 1190 1743 per
1239 1675 1392 1726 XIIII
1442 1681 1623 1728 noctes
1669 1677 1842 1728 visum
1903 1683 1955 1728 et
2006 1679 2266 1731 immensa

375 1747 680 1800 mortalitas
727 1752 883 1799 boum
924 1750 1106 1798 secuta
1146 1751 1241 1801 est.

1248 1883 1390 1944 943.

520 1985 1057 2039 DCCCCXXXXIII.
1108 1985 1259 2038 Ottol
1297 1986 1406 2038 dux
1447 1985 1593 2052 obiit,
1644 1985 1730 2038 cui
1768 1986 2086 2039 Cuonradus
2125 1986 2266 2040 filius

375 2057 678 2110 Werinheri
715 2058 769 2109 in
810 2057 1012 2109 ducatu
1051 2057 1361 2109 successit5.

1257 2193 1398 2254 944.

525 2295 1085 2348 DCCCCXXXXIIII.
1106 2314 1202 2347 rex
1225 2296 1368 2363 apud
1395 2294 1757 2362 Diusburgum
1781 2296 1835 2346 in
1860 2294 2266 2361 rogationibusss

375 2368 630 2436 placitum
657 2384 773 2418 cum
790 2367 1117 2434 primoribus
1134 2366 1618 2418 Lothariensiumm
1642 2373 1694 2418 et
1711 2366 2039 2418 Francorum
2062 2365 2265 2430 habuit,

377 2438 469 2491 ubi
493 2438 724 2490 factione
752 2438 1059 2490 Cuonradin
1083 2438 1234 2489 ducis
1252 2437 1609 2489 Ruo‘tbertus0
1635 2437 2071 2504 archiepiscopus
2090 2438 2266 2490 Trevi-

375 2510 546 2562 rensis
587 2514 639 2560 et
676 2509 994 2560 Richariusp
1033 2509 1388 2576 Tungrensisq
1426 2510 1708 2577 episcopus
1746 2508 2083 2560 infidelitatis
2121 2508 2267 2576 apud

381 2597 560 2648 regem
598 2586 913 2645 arguuntur,
955 2579 1048 2631 sed
1086 2580 1142 2631 in
1178 2579 1325 2632 brevi
1365 2579 1432 2631 ab
1479 2579 1687 2632 obiecto
1734 2579 1837 2631 sibi
1883 2581 2101 2631 crimine
2139 2579 2269 2631 libe-

379 2657 584 2704 rantur.
668 2651 828 2702 Illucr
864 2652 1026 2702 etiam
1057 2668 1089 2702 a
1121 2650 1581 2703 Treiectensibus⁸
1614 2651 1824 2703 clericis
1864 2667 2055 2718 corpus
2095 2650 2268 2703 sancti

380 2722 615 2844 Slervacii
648 2726 994 2790 apportatum
1029 2726 1110 2773 est
1134 2721 1200 2773 ob
1225 2721 1567 2774 multimodas
1593 2721 1695 2773 sibi
1719 2721 1785 2774 ab
1813 2721 2049 2773 Immone
2075 2721 2266 2774 comite

380 2794 398 2843 i
444 2799 563 2845 atas
603 2793 844 2844 iniurias

380 2961 415 3000 a)
451 2961 830 3000 Heinr.—-mancipab
841 2964 875 2991 at
899 2961 1023 2993 desunt
1046 2962 1076 2992 A
1094 2962 1124 2992 3.
1243 2960 1282 3001 b)
1319 2961 1653 3000 Frid.-purgavit
1678 2961 1708 2992 A
1724 2961 1743 2992 3
1767 2970 1801 2992 α.
1820 2962 1894 2993 943.
2006 2959 2039 2999 c)
2081 2959 2266 2991 francone-

380 3003 469 3033 vord
492 3004 523 3034 A
538 3004 568 3034 3.
616 3003 651 3042 d)
676 3004 775 3042 Rege
799 3013 833 3035 n.
853 3004 887 3034 d.
906 3004 949 3035 fr.
969 3004 1176 3035 celebrante
1202 3004 1608 3035 heinricus—obtinuit
1631 3005 1662 3035 A
1678 3005 1697 3034 3
1714 3013 1746 3034 α.
1765 3005 1840 3035 943.
1895 3003 1934 3044 e)
1956 3002 2161 3034 rodbertum
2185 3002 2216 3032 A
2232 3002 2262 3033 3.

381 3045 410 3084 f)
434 3046 696 3083 magontiensis
721 3046 752 3076 A
770 3049 799 3081 1;
835 3048 1066 3085 mogontinae
1091 3048 1122 3077 A
1139 3047 1169 3077 3.
1226 3047 1271 3087 g)
1297 3045 1481 3084 effugiens
1504 3047 1535 3077 A
1551 3047 1581 3078 3.
1644 3045 1684 3085 h)
1706 3046 1922 3084 precabatur
1946 3045 1977 3075 A
1993 3045 2024 3075 3.
2081 3043 2110 3084 i)
2136 3044 2268 3074 Bunna

382 3088 557 3118 —habita
580 3092 636 3118 est
659 3089 704 3118 ab
730 3090 840 3127 episc.
868 3089 976 3121 XXII
1002 3089 1031 3119 A
1048 3089 1067 3120 3
1091 3099 1122 3119 α.
1143 3089 1217 3120 943.
1293 3090 1332 3128 k)
1358 3090 1718 3120 Treveris-secuta
1742 3092 1797 3118 est
1827 3088 1950 3120 desunt
1976 3087 2008 3118 A
2023 3087 2053 3117 3.
2129 3086 2157 3125 1)
2181 3085 2264 3117 Otto

383 3131 610 3160 —successit
633 3130 758 3162 desunt
781 3132 809 3161 A
827 3133 857 3162 3.
948 3131 997 3170 m)
1028 3131 1267 3162 lothariorum
1291 3131 1321 3162 A
1337 3132 1368 3162 3.
1459 3131 1497 3167 n)
1522 3130 1670 3161 conradi
1694 3130 1724 3160 A
1741 3132 1771 3160 1.
1796 3131 1829 3161 3.
1917 3129 1950 3168 ο)
1979 3129 2160 3160 rotbertus
2185 3128 2216 3159 A
2231 3129 2262 3160 3.

382 3171 420 3244 p)
442 3172 637 3246 rilgkariili}
653 3173 680 3203 A
699 3176 729 3204 1.
828 3172 862 3212 q)
887 3173 1104 3205 leodicensis
1128 3174 1159 3204 A
1176 3174 1206 3204 3.
1310 3172 1343 3213 r)
1370 3172 1509 3212 Corpus
1533 3174 1641 3204 etiam
1667 3181 1692 3203 s.
1710 3171 1744 3204 S.
1771 3180 1792 3202 a
1815 3172 1874 3203 Tr.
1901 3171 1932 3202 A
1948 3173 1979 3203 3.
2080 3170 2113 3211 s)
2137 3172 2266 3202 traiec-

400 3221 477 3244 ensi
506 3223 548 3244 us
645 3239 650 3244 .

386 3341 426 3392 l)
460 3342 695 3384 Dilmmler
727 3343 809 3384 106
833 3354 896 3396 sq.
998 3342 1041 3391 2)
1076 3339 1143 3394 Cf.
1176 3342 1412 3383 Dizmmler
1444 3341 1686 3384 116-118.
1791 3341 1834 3390 3)
1867 3339 2070 3384 Ceterum
2099 3342 2265 3396 iynota.

383 3398 428 3448 4)
463 3396 554 3441 Oct.
581 3397 654 3447 13;
688 3398 926 3441 Dilmmler
951 3399 1048 3441 145.
1144 3397 1187 3448 5>
1221 3398 1290 3440 De
1314 3410 1398 3453 quo
1424 3395 1484 3449 cf.
1502 3397 1677 3451 Kopke,
1703 3395 1714 3415 ‘
1732 3397 1998 3441 Widukiml’
2025 3398 2265 3448 124-126,

384 3454 621 3497 Βῑὶηιηιῐθν
651 3456 728 3498 101
759 3468 838 3509 sq„
873 3456 955 3498 131
981 3467 1042 3509 sq.
1163 3453 1207 3504 6)
1240 3455 1322 3497 945
1354 3454 1472 3497 Mai.
1502 3454 1689 3503 12—143
1722 3455 1959 3498 Dilmmler
1991 3455 2086 3498 143.
