2491 3724
27 274 123 306 Anu.
148 273 258 304 Laur.

282 139 337 182 58
661 127 990 175 REGINONIS
1021 121 1386 170 CHRONICON.
1447 121 1501 166 A.
1525 123 1779 167 792—795.

287 263 343 308 ad
380 262 583 311 fiuvium,
636 259 727 316 qui
770 255 1076 300 vocabatur⁸
1113 250 1289 300 Rabff,
1338 249 1515 299 omnia
1568 247 1812 309 oedibus,
1873 246 2162 299 incendiis⁰

283 319 594 385 rapinisque
634 317 944 375 devastans3
999 326 1045 367 et
1088 321 1191 365 inde
1231 334 1445 363 reversus
1490 318 1876 374 Reganasburghd
1921 318 2163 362 celebravit

285 392 365 434 ibi
393 390 591 433 natalem
623 385 803 429 Domini
835 385 880 426 et
909 380 1073 436 pascha
1103 378 1324 421 similiter.

428 447 577 490 Anno
615 441 917 486 dominicae
955 434 1354 480 incarnationis
1385 430 1639 475 DCCXCII.
1709 432 1937 475 Feliciana
1966 430 2165 474 heresis*

286 503 607 557 condempnata
638 502 718 542 est.
787 495 925 549 Quem
956 493 1191 537 Felicem
1223 490 1519 545 Engilbertus
1558 489 1612 531 in
1642 489 1945 542 presentiame
1976 487 2166 530 Adriani

285 559 574 616 pontificis
607 555 814 603 adduxit3
857 555 902 596 et
932 553 1052 605 post
1083 548 1411 592 confessionem
1448 546 1639 589 heresim
1671 544 1910 588 abdicavit.
1971 543 2170 587 Eodemf

287 632 400 661 anno
439 616 570 658 nulla
609 610 885 667 expeditio
923 608 1052 651 facta
1090 608 1170 655 est,
1209 605 1299 648 sed
1335 605 1548 647 tantum
1587 612 1728 657 ponsa
1758 615 1889 655 super
1925 615 2073 643 naves
2105 600 2168 643 ad

286 674 470 718 flumina
505 668 814 714 transeundah
854 666 1159 719 compactus
1199 664 1267 705 est
1306 660 1508 704 anchoris
1547 661 1592 702 et
1631 658 1810 701 funibus
1849 659 1915 700 ita
1947 657 2166 707 coherens,

286 734 337 774 ut
359 729 487 784 iungi
511 731 556 772 et
580 726 760 770 dissolvi
783 724 936 778 possit.
996 722 1055 764 Et
1086 718 1329 763 celebravit
1359 731 1435 760 rex
1465 716 1663 760 natalem
1697 715 1878 758 Domini
1909 715 1957 758 in
1988 714 2169 758 eodem

286 789 423 837 loco,
454 785 508 829 id
541 787 622 828 est
651 777 1123 837 Reganasburghi.

430 842 578 885 Anno
631 837 932 882 dominicae
985 832 1390 877 incarnationis
1443 828 1721 874 DCCXCIII.
1811 828 2035 872 Carolus
2082 826 2170 870 dek

287 897 663 954 Reganasburghi
701 893 1059 949 proficiscens
1092 889 1148 933 ad
1178 889 1394 932 fossatum
1425 901 1637 942 magnum
1662 887 1779 929 inter
1809 884 2036 928 fluvios¹
2067 883 2170 927 Alc-

287 957 479 999 moniam
512 957 557 997 et
579 952 785 996 Radenza
808 950 943 998 venit,
983 948 1134 1002 ibique
1167 946 1356 988 summi
1385 943 1677 998 pontificis
1708 943 1833 986 missi
1864 956 1962 985 cum
1993 941 2169 996 magnis

287 1011 544 1056 muneribus
574 1011 628 1053 in
658 1007 981 1063 presentiame
1019 1005 1134 1047 eius
1172 1004 1462 1054 venerunt3
1505 1001 1571 1043 ibi
1603 1001 1770 1043 etiam
1801 999 2058 1042 nuntiatum
2090 1001 2170 1041 est

289 1071 355 1120 ei,
396 1069 585 1112 Saxones
622 1067 783 1109 iterum
824 1076 965 1106 more
997 1060 1163 1104 solito
1193 1058 1325 1102 fidem
1365 1060 1416 1101 et
1446 1058 1713 1112 promissa
1750 1057 2001 1099 violasse.
2062 1054 2171 1098 Inde

287 1126 496 1181 navigio
536 1137 614 1178 per
650 1121 891 1165 Radenzan
928 1118 1113 1161 MohinO
1152 1116 1433 1170 ingressus
1471 1114 1671 1157 natalem
1709 1113 1891 1157 Domini
1930 1112 2171 1156 celebravit

288 1185 334 1227 in
366 1179 786 1236 Wirzaburghp-**.

431 1239 579 1282 Anno
626 1235 927 1280 dominicae
972 1228 1376 1275 incarnationis
1422 1225 1727 1270 DCCXCIIII.
1775 1226 2041 1270 celebravit
2085 1239 2173 1268 rex

288 1297 453 1352 pascha
497 1297 543 1339 in
573 1291 925 1337 Franconofurtq
966 1289 1119 1344 ibique
1166 1285 1509 1340 congregavitr
1554 1283 1770 1328 sinodum
1815 1297 2040 1339 magnam
2083 1283 2172 1337 epi-

289 1367 518 1409 scoporum
552 1351 816 1398 Galliarum,
850 1347 1185 1394 Germanorum,
1224 1343 1499 1392 Italorums3
1531 1341 1624 1384 ubi
1656 1340 1878 1384 fuerunt
1908 1340 2040 1383 missi
2073 1353 2173 1394 apo-

291 1411 440 1455 stolici
486 1404 852 1463 Theophilust-1
899 1407 945 1447 et
989 1402 1242 1457 Stephanus
1289 1399 1497 1454 episcopi.
1570 1398 1630 1441 In
1672 1398 1770 1441 hac
1811 1397 1998 1441 sinodo
2039 1398 2174 1441 tertio

290 1467 613 1522 condempnata
644 1467 711 1508 est
740 1462 905 1506 heresis
930 1460 1169 1509 Feliciana‚
1201 1471 1334 1513 quam
1365 1455 1728 1510 dampnationem
1758 1469 1837 1510 per
1860 1454 2171 1498 auctoritatem

290 1528 541 1569 sanctorum
564 1525 741 1577 patrum
766 1521 812 1563 in
836 1519 950 1561 libro
975 1516 1348 1570 conscripserunt;
1383 1513 1540 1568 *quem
1563 1512 1729 1555 librum
1755 1526 1903 1556 omnes
1927 1510 2174 1554 sacerdotes

291 1582 495 1625 manibus
525 1579 713 1635 propriis
745 1576 1144 1629 subscripseruntu.
1213 1571 1438 1614 Eodemv
1475 1572 1713 1623 tempore
1759 1569 1912 1612 obiitW
1958 1567 2175 1611 Fasti-ada

293 1640 449 1695 regina
481 1640 526 1680 et
556 1638 603 1679 in
634 1633 965 1678 monasterio
995 1630 1146 1674 sancti
1170 1628 1343 1672 Albani
1374 1626 1610 1670 honorifice
1641 1627 1817 1680 sepulta
1842 1629 1921 1669 est.
1982 1624 2173 1668 Pseudo-

293 1695 471 1739 sinodus
497 1693 747 1741 Grecorum,
781 1704 913 1746 quam
937 1703 1014 1743 pro
1040 1685 1274 1730 adorandis
1298 1684 1571 1739 imaginibus
1596 1682 1809 1730 fecerunt,
1843 1697 1868 1726 a
1890 1682 2173 1737 pontificibus

293 1754 458 1796 reiecta
497 1754 575 1794 est.
636 1750 797 1792 Postx
834 1747 965 1789 haec
1005 1758 1093 1787 rex
1124 1743 1297 1785 diviso
1335 1742 1388 1784 in
1421 1740 1549 1783 duas
1580 1743 1758 1794 partes
1791 1741 2013 1791 exercitU‚
2045 1740 2173 1782 Saxo-

294 1817 429 1859 niam
467 1816 746 1870 ingressus
786 1813 886 1854 est:
920 1804 1034 1869 ipse
1066 1817 1161 1867 per
1192 1798 1593 1863 Thuringiamy,
1633 1802 1831 1848 Carolus
1863 1812 2014 1847 veroz
2043 1803 2174 1845 filius

293 1881 406 1923 eius
454 1879 517 1923 ad
562 1877 821 1921 Coloniama
864 1871 1138 1917 Rhenumb
1184 1870 1493 1913 transivitss.
1564 1866 1786 1911 Saxonesd
1827 1881 1950 1910 vero
1996 1880 2175 1922 congre-

293 1941 453 1992 gantes
476 1944 550 1979 see
574 1935 621 1978 in
645 1935 780 1983 loco,
807 1932 883 1988 qui
907 1929 1097 1973 diciturf
1118 1924 1377 1977 Finisfelt2‚
1402 1927 1794 1981 preparaverunt
1816 1938 1861 1967 se
1886 1924 1942 1968 ad
1966 1938 2178 1979 pugnam.

292 1993 401 2037 Cum
439 2007 540 2036 vero
580 1991 808 2035 audissent
848 2002 893 2032 se
934 2002 985 2031 ex
1016 1985 1185 2029 duabus
1216 1983 1422 2039 partibus
1462 1997 1554 2026 esse
1587 1981 1899 2033 circumdatos,
1943 1981 2178 2036 dissipavit

293 2052 410 2093 Deus
452 2049 637 2093 consilia
681 2060 853 2096 eorum;
898 2048 955 2095 et,
995 2043 1197 2099 quamvis
1235 2040 1555 2091 fraudulenter,
1595 2039 1859 2083 christianos
1897 2052 1942 2082 se
1981 2052 2093 2081 esse
2133 2040 2178 2081 et

291 2107 444 2151 fideles
475 2107 573 2162 regi
603 2106 726 2149 soree
757 2103 1069 2158 promiserunt.
1129 2100 1223 2142 Rex
1253 2100 1308 2141 in
1339 2097 1623 2141 Franciam
1656 2110 1904 2139 reversus
1936 2095 2178 2139 celebravit

293 2165 490 2208 natalem
520 2163 702 2207 Domini
731 2162 786 2204 in
817 2159 957 2215 Aquis
988 2155 1238 2212 palatioh
1270 2158 1315 2198 et
1345 2155 1509 2209 pascha
1541 2153 1823 2196 similiter.

436 2221 584 2264 Anno
630 2218 930 2263 dominicae
975 2213 1379 2258 incarnationis
1424 2209 1671 2255 DCCXCV.
1715 2224 1789 2252 rex
1830 2209 1952 2252 venit
1993 2208 2176 2263 Magon-

293 2278 441 2322 tiami
491 2278 662 2333 ibique
703 2274 853 2319 tenuit
894 2272 1111 2327 placitum
1154 2284 1279 2312 suum
1328 2269 1379 2311 in
1423 2268 1581 2315 villa.
1634 2281 1766 2322 quae
1809 2266 1974 2309 dicitur
2014 2264 2176 2308 Cuffin-

294 2333 542 2384 steink-3‚
585 2335 632 2377 in
673 2331 895 2375 suburbio
940 2328 1175 2372 eiusdem
1216 2326 1379 2368 urbis¹.
1452 2324 1648 2367 Audiens
1686 2337 1799 2374 vero.
1843 2322 1957 2378 quod
1988 2322 2177 2366 Saxones

295 2391 624 2435 secundumm
659 2385 1147 2433 consuetudinemm
1177 2383 1510 2438 promissionem
1535 2389 1717 2431 suamm.
1751 2394 1884 2436 quam
1915 2379 1967 2423 de
1999 2380 2177 2423 obser-

293 2448 466 2492 vanda
497 2447 830 2490 christianitate
862 2446 907 2487 et
936 2442 1191 2486 fidelitate
1222 2440 1341 2494 regis
1365 2438 1557 2482 tenenda
1579 2438 1788 2485 fecerant,
1819 2438 2028 2480 irritamn
2053 2436 2177 2479 fecis-

294 2509 434 2552 sento,
477 2519 575 2548 cum
618 2504 842 2547 exercitui)
885 2500 1118 2543 Saxoniam
1160 2497 1384 2541 intravit
1426 2498 1470 2539 et
1510 2509 1647 2551 usque
1689 2494 1745 2537 ad
1782 2495 1965 2537 fiuvium
2005 2493 2178 2537 Albiaq

391 2619 430 2670 *j
464 2617 581 2673 apud
610 2615 923 2672 Ragenesburc
956 2614 1064 2657 add.
1089 2627 1145 2655 m.
1170 2626 1205 2656 s.
1232 2613 1350 2655 XII.
1383 2612 1430 2653 z'n
1466 2612 1507 2653 Β
1532 2613 1570 2653 3.

333 2692 335 2694 ’
366 2690 429 2741 **)
463 2688 581 2744 apud
611 2689 822 2732 Sanctum
853 2686 1085 2728 Kilianum
1117 2683 1224 2727 add.
1249 2697 1303 2725 m.
1330 2696 1362 2726 s.
1400 2682 1516 2724 XII.
1548 2683 1595 2724 in
1626 2682 1670 2724 B
1694 2683 1732 2724 3.

295 2802 330 2843 a)
356 2802 488 2833 dicitur
510 2802 554 2834 A.
642 2800 680 2841 b)
704 2799 817 2831 rabba
840 2799 872 2829 Β
889 2801 919 2830 3.
1011 2797 1044 2836 c)
1068 2805 1110 2827 ac
1132 2798 1203 2828 inc.
1231 2797 1261 2826 Β
1280 2798 1307 2826 1.
1334 2797 1364 2826 2.
1456 2793 1494 2833 d)
1518 2793 1796 2833 reganasburch
1819 2794 1851 2824 Β
1870 2795 1901 2827 1;
1936 2791 2070 2831 -burgh
2095 2792 2126 2822 B
2142 2792 2181 2824 2:

296 2845 552 2884 reginesburth
576 2845 607 2875 Β
623 2845 655 2876 3.
737 2843 772 2882 e)
795 2842 979 2881 presentia
1003 2841 1034 2871 Β
1053 2842 1082 2871 1.
1108 2841 1138 2871 3.
1219 2839 1249 2877 f)
1272 2838 1321 2868 Et
1343 2837 1467 2869 eodem
1490 2837 1521 2868 A
1540 2840 1568 2868 1.
1648 2836 1688 2876 g)
1713 2836 1807 2868 deest
1829 2836 1861 2866 A
1879 2838 1915 2872 1;
1947 2838 2075 2874 pontes
2098 2834 2129 2865 A
2146 2835 2176 2864 2.

295 2889 333 2921 11)
371 2889 525 2919 transire
556 2889 599 2918 B.
714 2885 742 2926 i)
780 2884 1053 2924 reganasburch
1083 2883 1115 2913 B
1134 2885 1168 2922 13
1205 2881 1455 2921 reganesbuth
1491 2881 1569 2912 Β3.
1681 2879 1723 2917 k)
1760 2878 1854 2909 deest
1876 2878 1906 2909 A
1925 2880 1953 2909 1.
1980 2878 2017 2915 2;
2057 2886 2077 2907 a
2099 2877 2176 2907 A3.

295 2930 322 2971 l)
347 2931 436 2962 ἀρε-ί
460 2931 502 2961 Β.
607 2928 657 2968 m)
680 2930 882 2960 alemonam
907 2930 941 2956 et
965 2926 1152 2957 radinzam
1175 2925 1216 2956 A.
1318 2923 1357 2962 n)
1381 2923 1569 2955 radinzam
1593 2923 1624 2954 A
1642 2925 1670 2954 1.
1697 2924 1735 2961 3;
1769 2920 1917 2952 radizan
1940 2920 1971 2951 A
1987 2920 2024 2958 23
2054 2918 2181 2950 raden-

295 2982 374 3003 zam
400 2974 430 3004 Β
449 2977 477 3004 1.
561 2971 596 3012 o)
619 2979 812 3010 mogonum
837 2971 884 3002 A:
917 2968 1054 3000 mohim
1078 2968 1110 2999 B
1126 2969 1156 2999 3.
1240 2967 1280 3005 p)
1305 2968 1446 2998 uuirze-
1467 2967 1497 2997 A
1517 2968 1544 2997 1.
1571 2967 1609 3003 23
1641 2965 1781 2996 uuirce-
1804 2964 1834 2994 A
1850 2964 1886 3001 3;
1916 2970 2071 2994 uuurza-
2094 2961 2126 2992 B
2143 2962 2179 2997 23

298 3018 434 3046 uuitza-
451 3017 529 3054 [333
559 3015 689 3046 -burch
714 3015 744 3045 A
763 3016 792 3044 1.
821 3013 852 3043 Β
872 3015 906 3047 1;
930 3012 1040 3049 -burg
1064 3011 1094 3041 A
1110 3012 1148 3049 35
1172 3010 1279 3041 -burh
1305 3011 1336 3040 Β
1353 3012 1389 3048 2;
1413 3009 1529 3040 burbc
1557 3010 1584 3040 Β
1600 3010 1632 3040 3.
1680 3008 1716 3047 q)
1739 3005 1831 3037 -ford
1855 3006 1886 3036 A
1903 3007 1941 3043 2;
1972 3003 2077 3034 -vord
2099 3003 2130 3034 A
2146 3004 2177 3034 3.

297 3058 328 3098 r)
367 3060 535 3095 congavit
565 3059 595 3089 A
614 3061 641 3088 1.
756 3057 789 3094 s)
826 3055 1001 3086 italarum
1032 3054 1062 3085 A
1082 3056 1110 3083 1.
1224 3053 1252 3090 t)
1289 3052 1508 3091 theophinus
1541 3052 1573 3083 B
1593 3052 1624 3082 2.
1737 3048 1776 3088 u)
1815 3056 1953 3079 conscr.
1985 3048 2016 3078 A
2033 3048 2064 3076 2.
2098 3047 2176 3076 132.

298 3105 336 3139 v)
360 3101 496 3131 Eodem
512 3118 554 3122 —
570 3101 659 3131 Post.
680 3099 772 3129 haec
796 3107 836 3129 ex
860 3097 988 3128 Elskeh.
1014 3098 1157 3127 mutavit
1180 3096 1211 3126 A
1227 3096 1260 3127 3.
1358 3094 1406 3134 w)
1437 3093 1542 3126 fastr.
1566 3101 1640 3132 reg.
1667 3093 1723 3123 ob.
1748 3092 1792 3123 A.
1888 3089 1926 3129 x)
1959 3089 2036 3120 Rex
2059 3093 2181 3119 autem

298 3147 378 3181 post
401 3143 491 3174 haec
515 3144 556 3174 A.
657 3148 694 3179 y)
718 3141 918 3178 tyringiam
941 3140 970 3171 A
990 3142 1023 3177 13
1059 3139 1259 3176 turingiam
1282 3138 1312 3168 A
1330 3139 1360 3168 2.
1387 3138 1419 3168 Β
1434 3138 1466 3168 3.
1571 3136 1608 3175 z)
1629 3135 1722 3166 dee-st
1745 3135 1788 3165 Β.
1892 3136 1926 3169 a)
1950 3131 2113 3163 coloniae
2136 3132 2177 3162 A.

298 3185 336 3225 b)
359 3193 487 3216 renum
511 3186 542 3216 B
560 3186 590 3215 3.
695 3187 727 3219 c)
751 3184 894 3213 transiit
916 3183 958 3213 A.
1065 3180 1102 3220 d)
1125 3180 1229 3211 Tunc
1253 3179 1336 3211 Sax.
1363 3188 1488 3219 congr.
1515 3180 1555 3210 A.
1662 3176 1696 3217 e)
1728 3176 1819 3208 dee-st
1842 3176 1871 3206 A
1889 3177 1919 3205 2.
2025 3173 2055 3213 f)
2083 3183 2116 3213 q.
2143 3173 2177 3204 d.

299 3228 423 3258 desunt
446 3228 476 3258 A
495 3229 524 3257 1.
550 3228 581 3257 Β
596 3227 626 3257 2.
718 3226 756 3264 g)
781 3225 871 3256 deest
894 3225 935 3255 A.
1026 3224 1066 3261 h)
1090 3223 1217 3262 palatii
1240 3223 1272 3253 Β
1292 3223 1311 3253 3
1342 3223 1494 3260 saepius.
1592 3221 1617 3257 i)
1641 3219 1865 3258 mogontiam
1889 3219 1919 3249 A
1936 3218 1965 3248 3.
1993 3217 2024 3247 Β
2041 3217 2075 3253 3;
2110 3225 2182 3247 mo-

299 3271 422 3308 gontia
446 3271 477 3300 Β
494 3270 523 3299 2.
572 3269 612 3306 k)
637 3268 793 3298 cufstein
818 3268 847 3297 A
867 3269 894 3296 l.
921 3267 957 3303 3;
984 3266 1153 3296 cufsteim
1178 3266 1207 3296 A
1224 3267 1263 3302 :23
1289 3263 1474 3296 cuffistein
1498 3264 1529 3294 B
1545 3264 1575 3294 3.
1624 3263 1652 3296 1)
1675 3262 1835 3293 civitatis
1861 3262 1902 3292 A.
1950 3259 2001 3298 m)
2030 3259 2121 3290 deest
2135 3260 2178 3290 A.

300 3312 338 3352 n)
373 3312 472 3343 irrita
497 3312 526 3342 B
545 3312 574 3341 2.
603 3312 632 3341 3.
725 3310 759 3349 ο)
796 3309 971 3339 haberent
996 3309 1036 3339 A.
1136 3311 1172 3346 p)
1208 3316 1288 3338 cum
1313 3307 1416 3338 hoste
1443 3307 1472 3338 A
1499 3306 1697 3346 (hostiliter
1720 3305 1750 3336 A
1767 3303 1812 3343 3).
1910 3302 1946 3342 q)
1980 3302 2112 3334 albiam
2137 3303 2177 3333 A.

303 3412 343 3509 1)
377 3410 672 3510 Thepfilactus
705 3410 826 3452 Ann.
852 3410 994 3450 Laur.
1113 3406 1156 3458 2)
1190 3404 1391 3449 Sinitfelt
1424 3406 1542 3448 Anu.
1570 3407 1707 3447 [αυτ.
1825 3403 1868 3455 3)
1901 3400 2182 3462 Cuffinstagn

303 3491 328 3510 ⁴-
349 3483 421 3510 nn.
492 3481 590 3511 aur.

2199 1515 2214 1531 *
2240 1525 2274 1553 p.
2292 1514 2395 1546 561b.
