2491 3724
793 179 1119 224 REGINONIS
1150 177 1506 223 CHRONICON.
1961 182 2085 223 XVII

214 308 457 371 universi,
497 308 642 358 cuius
682 308 803 358 baec
839 307 1105 375 particula
1143 305 1374 374 quamvis
1405 324 1579 373 parva
1614 314 1701 368 est,
1748 307 1932 356 rectori
1965 326 2088 373 pru-

215 391 540 455 dentissimo,
590 392 677 459 qui
723 410 835 442 cum
881 409 1076 458 semper
1119 391 1176 440 in
1219 389 1364 440 rebus
1408 390 1634 439 maxime
1672 389 1838 439 variis
1877 390 2089 439 consilio

216 494 305 527 suo
348 476 477 526 milii
520 475 743 526 subvenit
787 483 890 525 tum
928 474 1230 525 auctoritate
1276 492 1370 524 sua
1415 472 1604 542 effecit,
1648 481 1704 522 ut
1751 481 1851 524 tres
1897 473 2090 523 codices

216 560 458 611 Parisini
506 557 733 627 (primus
777 559 828 607 B
857 560 934 608 la
947 597 963 622 ,
1011 558 1327 624 postmodum
1375 556 1481 607 A2
1526 565 1571 608 et
1608 557 1660 605 B
1683 556 1740 621 3)
1788 556 2092 624 conferendi

220 645 272 695 in
322 644 522 712 lonqius
575 652 768 711 tempus
812 643 940 692 mibi
984 642 1335 705 traderentur,
1384 640 1486 691 alii
1525 640 1799 705 Londinii,
1845 640 2090 704 Parisiis,

230 728 554 779 Vindobonae
604 726 889 794 sumptibus
941 726 1378 776 Monumentorum
1435 724 1749 776 Germaniae
1800 725 1930 775 mihi
1981 744 2090 775 con-

204 814 504 882 ferrentur;
548 831 634 862 nec
673 811 843 862 minus
889 809 944 864 V.
982 810 1057 862 Cl.
1105 810 1162 864 O.
1201 810 1442 878 Hartwiy
1481 809 1807 861 bibliothecae
1845 810 2091 860 universi-

213 897 338 947 tatis
400 894 647 946 Halensis
701 894 988 962 praefecto,
1057 894 1199 945 cuius
1251 893 1456 944 auoeilio
1517 892 1803 944 liberaliter
1859 893 2092 961 praebito

203 981 409 1048 factum
460 987 555 1042 est,
607 987 661 1029 ut
710 979 906 1030 codices
952 978 1368 1031 bibliothecarum
1414 977 1765 1041 Monacensis,
1816 977 2090 1047 Sclzafflzu-

212 1082 397 1128 sanae,
464 1064 810 1127 Treverensis,
874 1062 1287 1126 Carlsrulzanae,
1354 1062 1733 1126 Einsidlensis‚
1795 1063 2089 1126 Parisinae,

218 1147 553 1213 Coloniensis,
610 1146 897 1215 Lipsiensis
949 1147 1122 1198 Halas
1173 1148 1303 1198 mibi
1354 1148 1534 1198 missos
1587 1155 1632 1198 et
1683 1148 1739 1197 in
1793 1147 2091 1198 bibliotheca

212 1232 564 1283 universitatis
600 1239 824 1282 servatos
862 1232 1094 1299 conferre
1130 1251 1323 1300 possem
1335 1251 1355 1297 ,·
1401 1233 1519 1283 item
1556 1232 1773 1283 illarum
1812 1241 1880 1283 tot
1916 1232 2091 1282 biblic-

213 1317 470 1366 thecarum
504 1314 810 1383 praefectis,
855 1316 942 1383 qui
979 1324 1083 1366 tam
1124 1316 1408 1367 liberaliter
1446 1316 1640 1367 coclices
1677 1335 1790 1367 suos
1836 1316 1964 1366 mibi
2000 1316 2091 1366 mi-

212 1408 414 1464 serunt;
461 1400 534 1450 eis
582 1417 793 1466 quoque,
846 1400 934 1466 qui
980 1418 1076 1467 pro
1125 1419 1202 1451 me
1251 1400 1385 1450 alibi
1434 1400 1628 1451 codices
1677 1401 1764 1451 bos
1812 1400 1931 1451 illos
1981 1418 2092 1451 con-

212 1483 436 1534 tulerunt
495 1491 583 1533 aut
640 1483 998 1551 inspeoeerunt,
1057 1484 1187 1535 viris
1246 1484 1635 1535 humanissimis
1683 1483 1737 1537 J.
1789 1484 1856 1537 H.
1907 1483 2093 1553 Jeayes

213 1567 570 1633 Londiniensi,
609 1567 673 1621 A.
698 1569 901 1637 Royers
937 1568 1371 1637 Cantabriyknsi,
1410 1568 1473 1622 A.
1499 1568 1750 1619 filolinier
1782 1569 2090 1634 Parisiensi‚

212 1651 266 1707 S.
324 1652 871 1722 Herzbevy-Frc‘tnkel
934 1654 1321 1718 Vindobonensi,
1380 1653 1455 1706 M.
1508 1652 1714 1723 Keuffer
1780 1654 1828 1704 T
1823 1655 2088 1705 reverensi.

213 1737 483 1788 Maoeimas
531 1738 744 1806 denique
780 1739 985 1807 qratias
1024 1757 1098 1790 me
1136 1738 1311 1789 debere
1363 1737 1573 1789 libenter
1616 1738 1860 1806 profiteor
1914 1739 1964 1788 V.
2009 1738 2089 1791 Cl.

215 1821 284 1873 H.
320 1821 558 1872 Ermiscli
608 1823 905 1874 arclzivario
942 1823 1252 1887 Dresclensi,
1303 1823 1394 1891 qui
1440 1822 1650 1873 sclieclas
1694 1823 1823 1874 satis
1860 1823 2092 1890 copiosas

214 1924 276 1956 ex
312 1905 670 1958 dissertatione
707 1926 800 1958 sua
847 1908 908 1958 cle
946 1907 1232 1977 Reginonis
1270 1905 1508 1957 chronico
1545 1924 1594 1958 a.
1633 1906 1788 1958 1872.
1827 1906 2090 1974 publicata

218 1989 425 2040 relictas
462 1990 670 2060 beniyne
710 1993 839 2044 mihi
875 1993 1089 2044 clecliclit.

365 2100 659 2154 Scribebam
698 2102 931 2156 Suncliae
967 2123 1130 2156 mense
1171 2104 1459 2157 Februario
1499 2105 1653 2156 1890.

1536 2259 1598 2312 F.
1639 2256 1948 2312 KURZE.

1769 3568 1808 3597 11
