2491 3724
295 146 349 188 60
676 137 1005 184 REGINONIS
1037 133 1398 180 CHRONICON.
1459 134 1512 179 A.
1537 136 1784 180 798—799.

38 281 133 312 Ann.
159 281 268 312 Laur.
298 270 515 313 Saxonum
558 270 690 323 gente
732 267 779 309 in
821 264 1092 307 deditionem
1134 277 1212 317 per
1249 261 1421 304 obsides
1460 265 1642 317 accepta
1682 263 1760 305 ina
1790 261 1931 317 Aquis
1961 260 2176 315 palatioa‘

295 340 492 370 reversus
524 330 601 368 est.
663 323 767 367 Ubi
791 321 1030 364 Abdellam
1057 320 1346 362 Sarracenum
1358 319 1392 368 b,
1425 319 1570 361 filium
1602 319 1902 372 Ibinmagaec
1926 318 2066 372 regis,
2100 317 2176 372 qui

296 398 320 426 a
350 383 487 426 fratre
519 395 654 436 regno
691 380 841 434 pulsus
881 378 929 419 in
958 375 1233 419 Mauritania
1271 373 1518 425 exula*bat‚
1559 375 1686 428 ipsod
1716 375 2032 428 semetipsume
2063 387 2175 417 com-
2202 382 2219 399 *
2241 391 2279 422 p.
2297 382 2401 414 562a.

295 439 531 483 mendante
561 437 767 490 suscepit.
828 435 889 477 In
920 433 1098 476 eodem
1128 433 1242 475 loco
1273 434 1318 474 et
1348 432 1526 486 legatus
1556 431 1742 474 Nicetae
1759 430 1794 482 fi,
1826 431 1902 486 qui
1932 433 2039 473 tunc
2070 431 2176 473 Sici-

295 497 404 539 liam
433 495 636 550 regebat,
684 492 860 535 nomine
892 489 1182 543 Theophilus,
1226 488 1349 531 venit
1379 489 1661 542 imperatoris
1700 487 1936 541 epistolam
1966 489 2170 540 portans3

296 567 426 608 quem
467 550 743 595 honorifice
786 547 1026 601 suscipiens
1066 549 1168 600 post
1218 544 1431 600 aliquot
1473 544 1566 586 dies
1610 544 1818 587 absolvit.
1891 543 2013 597 Ipse
2054 557 2176 586 vero

295 609 568 652 Novembrig
604 619 753 649 mense
791 603 1016 647 mediante
1055 602 1111 645 ad
1149 601 1437 644 hiemandum
1475 614 1573 643 cum
1612 600 1807 644 exercitu
1844 600 2078 643 Saxoniam
2110 600 2176 642 in-

293 666 467 708 travith
508 664 752 718 positisque
800 661 958 704 castris
1006 660 1157 702 iuxta
1194 658 1437 702 Wisarami
1483 658 1667 701 fluvium
1714 656 1893 700 1000111Ιζ
1935 659 2175 699 castrorum

295 721 619 765 Heristellium
656 718 803 762 vocari
840 718 986 760 iussit.
1052 716 1167 758 Illuc
1206 715 1349 770 legati
1387 715 1534 770 gentis
1573 713 1844 757 Avaroruml
1888 727 1987 756 cum
2024 726 2176 756 mune-

295 779 463 821 ribusm
501 777 677 832 magnis
707 776 934 818 venerunt.
996 773 1068 815 De
1109 771 1288 815 eodem
1325 772 1440 815 loco
1478 770 1717 814 Abdellam
1750 771 2038 814 Sarracenum
2078 783 2176 812 cum

294 835 387 878 filio
410 844 517 877 suon
542 833 804 877 Ludowicoo
828 832 875 874 in
899 829 1211 884 Hispaniamp
1243 829 1320 872 ire
1351 829 1517 871 iussit
1548 832 1594 871 et
1616 828 1759 871 filium
1784 841 1911 870 suum
1935 826 2177 880 Pippinum

295 893 340 935 in
364 891 551 934 Italiam
575 889 782 937 remisit3
814 888 940 941 ipseq
965 886 1020 929 ad
1044 886 1361 940 disponendam
1385 885 1621 928 Saxoniam
1649 887 1795 928 totum
1818 884 1977 928 hiemis
2001 886 2177 937 tempus

294 947 583 1002 impendensr
612 946 678 988 ibi
708 944 908 987 natalem
939 942 1133 992 Domini,
1165 942 1261 984 ibis
1292 942 1458 995 pascha
1489 942 1745 985 celebravit.

438 1002 586 1046 Anno
617 1001 920 1044 dominicae
950 999 1351 1042 incarnationis
1382 997 1727 1042 DCCXCV111.t
1764 998 1887 1041 venit
1911 996 1975 1040 ad
1997 1010 2177 1053 regem

294 1062 471 1117 legatus
501 1058 788 1102 Haldifonsiu
819 1057 938 1111 regis
970 1055 1188 1099 Galliciae
1228 1058 1272 1097 et
1302 1054 1616 1105 Austriaev·¹,
1648 1055 1825 1098 nomine
1857 1054 2008 1105 Frola,
2052 1053 2177 1107 papi-

294 1118 458 1161 lionem
496 1118 634 1160 mirae
672 1112 1075 1169 magnitudinis
1113 1114 1385 1165 presentans
1454 1112 1519 1154 Et
1550 1111 1596 1153 in
1627 1111 1722 1165 ipso
1760 1111 1948 1165 paschae
1978 1114 2176 1164 tempore

294 1173 562 1217 Nortiiudiw
593 1176 719 1216 trans
752 1171 949 1213 Albiam
980 1168 1181 1212 sedentes
1213 1167 1428 1211 seditione
1452 1170 1671 1211 commota
1701 1168 1874 1223 legatos
1905 1168 2061 1222 regios,
2102 1167 2178 1222 qui

294 1235 400 1274 tunc
440 1231 495 1273 ad
525 1229 723 1273 iustitias
754 1226 979 1270 faciendas
1019 1225 1134 1280 apud
1173 1239 1243 1268 eos
1276 1225 1670 1275 conversabantur,
1711 1224 2177 1278 comprehenderunt,

296 1288 506 1344 quosdam
538 1301 588 1330 ex
619 1287 680 1329 eis
717 1283 1039 1333 trucidantesx,
1079 1284 1280 1325 ceterosy
1318 1281 1374 1325 ad
1411 1281 1716 1325 redimendum
1754 1282 2179 1325 reservaveruntz.

295 1346 386 1388 Rex
416 1346 604 1400 itaque
635 1343 819 1386 collecto
851 1340 1042 1384 exercitu
1073 1339 1126 1382 de
1150 1339 1415 1382 Η611616111ει
1446 1338 1501 1382 6(1
1532 1339 1688 1390 locum,
1723 1339 1798 1396 qui
1822 1337 1977 1381 Minda
2001 1337 2178 1381 dicitur.

294 1402 488 1456 perrexit
526 1404 571 1444 et
607 1401 726 1443 facto
764 1398 958 1449 consilio,
997 1397 1045 1440 in
1082 1396 1326 1439 desertores
1366 1410 1489 1439 arma
1527 1396 1742 1450 corripuit
1781 1398 1825 1438 et
1854 1395 2031 1439 totamb
2060 1395 2180 1437 inter

296 1459 477 1502 Albiam
503 1460 548 1501 et
571 1457 795 1500 Wisaram
819 1454 1052 1498 Saxoniam
1078 1452 1398 1507 depopulando
1422 1453 1692 1508 peragravit.
1743 1451 2001 1496 Nortliudic
2026 1454 2178 1495 contra

296 1513 680 1559 Transachonemd
727 1513 881 1555 ducem
923 1510 1301 1554 Abrothidorume
1348 1513 1393 1553 et
1437 1508 1760 1553 Ε111·01110111ΐ-2
1813 1509 2014 1564 legatum
2059 1509 2178 1563 regis

296 1573 524 1616 commisso
561 1571 702 1626 prelio
733 1569 842 1612 victi
872 1570 988 1611 sunt.
1055 1566 1226 1610 Caesag
1256 1570 1360 1609 sunt
1391 1581 1441 1610 ex
1474 1568 1536 1610 eis
1567 1567 1613 1609 in
1653 1580 1708 1609 eo
1738 1566 1927 1620 prelioh
1958 1566 2178 1621 quatuori

293 1630 441 1680 milia3
485 1629 633 1679 ceteri,
677 1627 752 1683 qui
788 1626 1012 1681 fugerunt,
1052 1624 1104 1667 de
1134 1624 1256 1678 pacis
1294 1624 1545 1667 conditione
1583 1626 1801 1666 tractare
1840 1622 2177 1677 coeperuntk.

295 1687 408 1729 Rexl
439 1686 633 1740 acceptis
658 1683 884 1727 obsidibus
909 1697 935 1725 a
958 1681 1302 1725 saxonibusm
1326 1681 1373 1723 in
1396 1681 1631 1723 Franciam
1655 1694 1852 1723 reversus
1878 1684 1945 1723 est
1969 1681 2014 1722 et
2037 1679 2178 1735 Aquis

295 1744 554 1797 perveniens
605 1741 879 1796 legationem
925 1738 1164 1782 Grecorum
1218 1751 1243 1780 a
1295 1735 1682 1791 Constantinopoli
1734 1737 1918 1780 missam
1971 1737 2178 1789 suscepit.

296 1801 435 1843 Erant
467 1800 582 1842 enim
614 1798 758 1852 legati
789 1796 1046 1839 Michahelu
1076 1794 1290 1848 patricius
1329 1794 1550 1850 quondam
1581 1794 1791 1849 Frigiaeo
1830 1796 1875 1837 et
1906 1793 2176 1847 Theophilus

293 1857 526 1911 presbiter,
559 1855 794 1909 epistolam
817 1853 1040 1896 Hirenaep
1071 1851 1368 1905 imperatricis
1397 1850 1603 1894 ferentes.
1662 1850 1778 1894 Nam
1810 1851 1928 1893 filius
1953 1850 2045 1892 eius
2069 1847 2178 1892 Con-

293 1915 516 1957 stantinus
554 1913 798 1966 imperator
838 1925 864 1953 a
902 1910 991 1952 suis
1031 1908 1367 1962 comprehensus
1408 1911 1453 1951 et
1492 1910 1716 1951 excecatus
1756 1910 1846 1958 est;
1888 1907 1996 1950 haec
2026 1909 2178 1950 tamen

293 1971 462 2027 legatio
492 1972 670 2013 tantum
703 1968 755 2012 de
787 1981 893 2022 pace
923 1966 1023 2009 fuit.
1093 1964 1207 2017 Quos
1239 1979 1336 2007 cum
1369 1965 1643 2016 absolvisset,
1683 1965 1878 2008 absolvit
1909 1964 2048 2007 etiam
2080 1977 2177 2006 cum

296 2029 356 2071 eis
396 2030 472 2071 etq
504 2026 746 2070 Sisinnium
761 2034 791 2076 r,
824 2024 1008 2067 fratrem
1041 2022 1275 2066 Tharasiis
1307 2020 1793 2076 Constantinopolitani
1832 2021 2044 2075 episcopi,
2086 2021 2177 2063 iam

295 2084 459 2127 dudum
499 2085 547 2127 in
587 2083 728 2126 Italia
763 2082 927 2136 preliot
965 2083 1156 2134 captum.
1228 2079 1324 2122 Hoc
1361 2093 1475 2123 anno
1512 2078 1632 2122 sidus
1662 2079 1824 2122 Martis
1862 2080 1908 2121 in
1946 2080 2042 2121 toto
2083 2077 2178 2132 0610

296 2156 393 2185 non
432 2141 746 2195 comparuit.
814 2138 993 2181 Insulae
1023 2137 1234 2180 Baleares
1274 2151 1298 2178 6
1335 2136 1503 2179 Mauris
1542 2139 1587 2179 et
1617 2136 1878 2192 ‘Sarracenis
1910 2134 2177 2189 depredatae

295 2201 408 2247 sunt„
487 2197 692 2241 Adefonu
730 2209 804 2239 rex
841 2195 1059 2239 Galliciae
1104 2197 1149 2236 et
1190 2193 1432 2235 Austriaev
1477 2193 1664 2246 predata
1703 2192 1974 2246 OlisiponaW
2016 2191 2178 2234 ultima

295 2255 537 2309 Hispaniae
578 2255 760 2297 civitate
800 2252 977 2301 loricas,
1020 2251 1163 2293 mulos
1205 2250 1490 2305 captivosque
1529 2250 1705 2293 Mauros
1747 2250 1845 2304 regi
1886 2262 1964 2303 per
2005 2248 2177 2303 legatos

296 2313 505 2354 Froiamx
538 2314 581 2354 et
612 2311 911 2354 1366111600111)1
942 2308 1102 2351 hiemis
1133 2309 1328 2360 tempore
1360 2307 1499 2349 misit.
1553 2307 1618 2349 Et
1649 2306 1905 2350 celebravit
1935 2319 2021 2349 rex
2052 2307 2178 2348 nata-

295 2370 381 2411 lem
413 2368 593 2411 Domini
624 2368 671 2410 in
703 2366 881 2410 eodem
912 2366 1026 2408 1000
1057 2367 1103 2407 et
1133 2364 1296 2418 pascha
1325 2364 1603 2406 similiter.

439 2425 586 2468 Anno
625 2424 927 2467 dominicae
965 2421 1367 2465 incarnationis
1399 2418 1746 2463 DCCXCVIIII.
1814 2420 2034 2463 Romaniz
2068 2419 2175 2462 Leo-

294 2496 395 2526 nem
441 2496 602 2536 papam
648 2481 819 2524 letania
869 2479 1036 2522 maiore
1082 2480 1263 2531 captum
1316 2480 1658 2520 excaecaverunt
1702 2491 1752 2520 ac
1796 2477 1925 2531 lingu
1937 2491 2015 2520 am
2062 2477 2175 2519 eius

294 2539 562 2582 radicitus
610 2537 985 2586 absciderunt3
1030 2536 1107 2591 qui
1144 2535 1190 2577 in
1233 2534 1461 2577 custodiaa
1505 2535 1663 2577 missus
1702 2536 1834 2577 noctu
1879 2547 1957 2587 per
2002 2546 2176 2576 murum

296 2597 437 2639 evasit
477 2598 522 2638 et
562 2595 618 2639 ad
649 2595 822 2651 legatos
861 2594 999 2648 regis,
1044 2592 1119 2648 qui
1150 2595 1255 2634 tunc
1286 2590 1402 2645 apud
1432 2591 1664 2634 basilicam
1704 2591 1847 2634 sancti
1878 2591 2005 2634 Petri
2038 2592 2177 2639 erant.

295 2653 558 2696 Wirundum
583 2652 754 2695 scilicet
779 2651 988 2693 abbatem
1015 2652 1059 2692 et
1083 2648 1387 2703 Winigisumb
1411 2647 1784 2703 spolitanorum
1816 2647 1968 2691 ducem
2000 2647 2179 2690 veniens

295 2752 328 2783 6)
354 2751 444 2783 deest
467 2752 508 2783 A.
590 2751 634 2790 a‘)
659 2751 834 2790 palatium
858 2750 899 2781 A.
981 2748 1017 2787 b)
1041 2748 1299 2779 sarrachenum
1324 2749 1355 2777 Β
1372 2748 1402 2778 3.
1487 2746 1521 2788 0)
1544 2747 1756 2785 ibinmagne
1778 2747 1810 2777 B
1826 2748 1857 2777 2.
1938 2745 1974 2787 d)
1997 2746 2075 2785 ipse
2099 2746 2129 2777 A
2145 2747 2176 2777 3.

296 2794 328 2835 6)
366 2795 558 2834 semetipso
582 2796 611 2826 A
631 2797 658 2824 1.
687 2795 718 2824 Β
734 2795 764 2824 2.
792 2794 822 2824 3.
936 2790 966 2831 f)
1004 2791 1118 2821 niteta
1142 2791 1173 2820 Β
1190 2793 1224 2828 1ς
1256 2790 1375 2821 niceta
1398 2791 1430 2821 Β
1447 2792 1477 2821 2.
1597 2788 1636 2829 g)
1673 2789 1855 2820 mediante
1877 2798 1961 2820 nov.
1986 2797 2112 2820 mense
2135 2790 2176 2819 A.

294 2837 333 2877 b)
356 2838 458 2868 venit
481 2836 664 2877 (supet-scr.
691 2837 751 2867 vel
774 2833 939 2875 intravit)
960 2834 990 2865 A
1010 2836 1038 2864 1.
1130 2833 1157 2873 i)
1181 2834 1368 2864 uuicoram
1391 2834 1421 2863 A
1439 2835 1473 2872 13
1505 2832 1691 2864 uuiseram
1715 2832 1746 2863 A
1763 2833 1794 2862 2.
1878 2831 1919 2872 k)
1940 2832 2021 2862 loca.
2042 2832 2073 2863 A
2090 2834 2119 2862 1.
2146 2832 2176 2861 2.

298 2881 324 2918 1)
361 2889 510 2911 avarum
540 2882 583 2910 Β.
696 2879 746 2919 ni)
787 2878 929 2916 magnis
959 2885 1058 2907 mun.
1094 2876 1137 2907 A.
1249 2875 1286 2912 n)
1326 2876 1392 2907 sub
1422 2876 1453 2906 A
1479 2877 1510 2906 1.
1620 2878 1654 2913 o)
1693 2875 1895 2905 hludowico
1929 2875 1959 2906 A
1978 2877 2007 2905 1.
2040 2875 2119 2905 Β1.
2145 2874 2176 2904 3.

294 2921 332 2962 11)
353 2923 522 2961 hispania
544 2924 573 2954 A
591 2923 628 2961 23
658 2921 849 2961 hispanias
875 2921 906 2951 B
924 2923 952 2951 1.
1044 2917 1080 2958 q)
1104 2919 1188 2957 Ipse
1211 2926 1298 2949 vero
1322 2920 1364 2950 A.
1443 2920 1476 2956 r)
1498 2918 1654 2949 moravit
1677 2919 1708 2948 B
1725 2919 1755 2948 3.
1833 2917 1868 2957 s)
1893 2916 1955 2948 dni
1979 2916 2178 2948 celebravit

296 2969 330 2996 et
361 2966 500 3004 pascha
524 2965 694 2996 similiter
715 2965 745 2996 A
769 2963 955 3003 (similiter
977 2961 1072 2992 deest
1094 2961 1125 2992 A
1144 2961 1188 2999 l).
1293 2963 1322 3000 t)
1353 2959 1695 2992 DCCLXXXVIII.
1721 2961 1754 2990 B
1770 2961 1800 2990 2.
1906 2958 1943 3000 u)
1972 2958 2179 2989 haddifonsi

296 3010 322 3039 A
343 3011 371 3038 1.
398 3009 429 3039 Β
450 3011 477 3039 1.
504 3009 539 3047 3;
575 3006 731 3038 haidulfi
754 3008 783 3038 A
801 3008 831 3038 2.
902 3004 940 3046 v)
964 3004 1121 3035 asturiae
1144 3004 1175 3035 A
1191 3004 1221 3034 3.
1292 3002 1338 3042 w)
1361 3002 1543 3034 nordliudi
1565 3004 1595 3034 A
1613 3005 1649 3040 13
1682 3001 1841 3032 norliudi
1865 3002 1896 3033 A
1911 3003 1942 3032 2.
2013 3001 2051 3041 x)
2074 3001 2181 3031 truci-

295 3051 473 3081 daverunt
496 3052 527 3081 B
543 3051 573 3082 2.
666 3049 707 3088 y)
731 3049 907 3088 quosdam
932 3048 972 3079 A.
1052 3045 1088 3087 z)
1111 3049 1300 3077 servantes
1323 3046 1370 3085 A3
1405 3048 1646 3077 servaverunt
1669 3046 1700 3075 B
1716 3046 1749 3076 2.
1813 3043 1856 3084 fa)
1877 3043 2071 3076 heristello
2094 3044 2125 3074 A
2141 3044 2179 3081 ‘23

295 3093 498 3123 heristellio
523 3094 554 3123 Β
570 3094 600 3123 3.
692 3091 729 3131 b)
752 3095 860 3122 totam
886 3099 961 3121 sax.
987 3090 1083 3120 inter
1106 3089 1178 3119 alb.
1206 3092 1242 3119 et
1267 3089 1357 3119 uuis.
1384 3089 1425 3119 A.
1516 3090 1549 3127 c)
1574 3087 1756 3118 nordliudi
1780 3087 1810 3117 A
1829 3090 1859 3118 1.
1885 3088 1916 3117 2.
2007 3085 2043 3125 (1)
2067 3089 2180 3116 trasa-

296 3135 446 3166 chonem
470 3136 500 3166 A
519 3138 553 3174 13
586 3134 835 3165 thrasaconem
861 3135 890 3164 A
909 3135 939 3164 2.
1038 3131 1072 3172 6)
1096 3131 1339 3162 abotridorum
1362 3132 1392 3162 A
1412 3133 1440 3161 1.
1467 3131 1503 3168 23
1537 3130 1781 3161 abodritorum
1803 3131 1834 3160 A
1850 3130 1881 3160 3.
1971 3127 2002 3164 f)
2025 3127 2180 3167 (hebroi-

295 3186 380 3208 num
406 3177 481 3216 BP)
522 3177 742 3208 hebruinum
770 3178 800 3207 B
820 3180 847 3207 1.
875 3178 905 3207 2.
1007 3174 1043 3212 g)
1072 3173 1167 3205 Cesa
1190 3174 1232 3203 B.
1323 3173 1363 3210 h)
1389 3173 1485 3204 bello
1509 3174 1552 3203 A.
1630 3172 1662 3211 i)
1684 3171 1808 3203 decem
1831 3173 1863 3202 A
1879 3172 1909 3202 2.
1987 3170 2026 3209 k)
2049 3174 2180 3202 tracta-

296 3224 429 3250 verunt
454 3221 485 3250 B
501 3221 530 3250 3.
638 3220 666 3257 l)
691 3221 769 3249 Rex
794 3218 837 3249 au
863 3220 891 3249 A
912 3220 953 3249 1:
985 3219 1105 3246 autem
1129 3217 1159 3247 A
1176 3217 1206 3246 2.
1315 3215 1366 3252 111)
1391 3223 1568 3245 saxonum
1592 3214 1779 3246 obsidibus
1801 3215 1832 3245 A
1851 3216 1879 3244 1.
1906 3214 1943 3251 33
1975 3213 2054 3244 obs.
2080 3222 2182 3244 saxo-

296 3271 381 3293 num
405 3264 435 3293 A
452 3264 482 3292 2.
588 3261 628 3300 11)
652 3261 807 3292 michael
830 3262 859 3292 A
880 3263 908 3291 1.
935 3262 965 3290 3.
995 3260 1025 3289 Β
1042 3260 1073 3289 3.
1178 3257 1213 3297 0)
1236 3258 1401 3296 phrigiae
1425 3259 1455 3288 A
1472 3258 1502 3287 2.
1607 3257 1647 3295 p)
1678 3256 1799 3287 birine
1823 3257 1854 3286 B
1872 3259 1904 3295 13
1941 3255 2075 3287 herene
2103 3257 2177 3287 133.

297 3304 335 3343 q)
359 3305 450 3335 deest
473 3304 514 3335 A.
621 3303 651 3343 r)
678 3305 857 3334 sisinnum
881 3303 909 3333 Α
928 3304 957 3332 2.
1064 3299 1096 3339 6)
1122 3299 1269 3331 tharisii
1292 3301 1324 3331 Β
1340 3301 1370 3330 2.
1476 3299 1504 3338 t)
1526 3300 1563 3330 in
1586 3299 1704 3338 prelio
1727 3300 1757 3329 A
1775 3300 1804 3331 2.
1907 3298 1946 3336 u)
1971 3298 2182 3330 aldefonsus

298 3348 329 3377 B
345 3349 379 3385 23
414 3346 569 3377 addefon
592 3347 624 3376 Β
640 3347 670 3377 3.
762 3348 801 3383 v)
833 3345 992 3376 asturiae
1016 3344 1044 3373 A
1063 3344 1094 3373 3.
1179 3342 1224 3379 w)
1254 3343 1441 3380 olisepona
1464 3342 1493 3372 A
1511 3343 1541 3372 2.
1628 3342 1664 3379 x)
1697 3341 1821 3372 floram
1846 3341 1877 3371 Β
1893 3342 1923 3372 3.
2016 3341 2055 3380 y)
2086 3342 2182 3372 basi-

299 3391 408 3420 licum
435 3391 475 3420 B.
539 3390 573 3427 z)
596 3388 750 3419 Romani
767 3406 808 3410 —
825 3388 887 3427 qui
910 3396 949 3418 ea:
974 3385 1100 3416 Ekkeh.
1126 3386 1271 3415 mutavit
1296 3386 1325 3416 A
1343 3386 1373 3416 3.
1437 3384 1471 3424 6)
1494 3383 1694 3415 custodiam
1719 3385 1761 3415 A.
1825 3383 1863 3424 b)
1889 3385 2120 3422 uuinegisum
2137 3385 2179 3415 A.

300 3475 340 3526 i)
375 3473 583 3517 Asturiae
616 3473 737 3518 Anu.
764 3475 908 3518 Lam:
945 3471 1157 3522 (austriae
1188 3470 1284 3514 cod.
1309 3470 1368 3520 ⁴2).
1486 3469 1528 3522 2)
1561 3468 1797 3512 Eburisum
1832 3470 1952 3512 Ann.
1976 3469 2123 3513 Lau-r.
