2491 3724
9 2405 16 2415 ‘
38 2411 74 2440 p.
91 2402 195 2434 550a.

596 150 922 194 REGINONIS
952 148 1310 193 CHRONICON.
1373 150 1424 191 A.
1448 149 1700 192 517—537.
2025 150 2078 193 25

219 278 326 321 Hac
355 280 504 331 peste
530 278 750 332 Pelagius
773 291 896 332 papa
920 276 1148 319 extinctus
1173 279 1294 318 esta.
1339 274 1394 316 In
1416 274 1498 316 hac
1526 273 1814 316 tribulatione
1838 272 2076 327 Gregorius

221 348 246 377 a
284 334 452 433 lqqnctis
495 333 763 387 generaliter
802 347 918 388 papa
960 333 1128 375 electus
1171 334 1237 374 est
1280 333 1332 373 et
1372 331 1423 372 in
1462 328 1779 384 pontificali
1822 328 2077 371 cathedra

219 404 275 433 su
346 391 554 432 imatus.

360 446 459 489 Per
488 446 624 489 idem
655 449 863 499 tempus
886 444 1025 487 isdem
1049 443 1284 498 Gregorius
1308 457 1422 496 papa
1453 441 1766 497 Augustinum,
1796 440 2078 483 Melitiumb
2106 448 2330 487 P.D.111‚25.

220 505 266 545 et
287 502 525 545 Iohannem
553 516 649 545 cum
674 503 773 544 aliis
796 501 995 555 pluribus
1019 499 1242 542 monachis
1265 498 1527 541 timent-ibus
1551 498 1693 539 Deum
1716 497 1763 539 in
1779 497 2081 539 Brittanniam

220 559 342 601 misit
373 572 605 614 eorumque
636 558 936 613 predicatione
968 555 1022 598 ad
1053 554 1276 599 Christum
1310 554 1477 608 Anglos
1510 554 1738 596 convertit.

360 613 727 658 Racharedusl
752 628 839 655 rex
858 613 1166 660 Gothorum,
1193 611 1330 653 frater
1353 609 1778 664 Herminigildis
1803 609 2075 663 martyris,
2105 617 2214 647 Beda.

222 685 315 725 per
343 670 769 725 predicationem
794 668 990 712 Leandri
1022 668 1219 721 episcopi
1251 667 1307 709 ad
1329 667 1460 708 fidem
1484 666 1746 708 catholicam
1771 665 2080 707 convertitur.

222 727 356 770 Gens
387 727 645 782 Anglorum
677 726 731 769 ad
762 724 984 768 Christum
1011 725 1312 773 convertitur,
1344 723 1598 765 Edilbertus
1630 736 1716 764 rex
1748 735 1922 764 eorum
1952 721 2083 774 bap-

218 785 465 826 tizaturc.

360 839 611 894 Gregorius
641 851 778 891 papa
808 836 957 878 libros
989 835 1167 890 regulae
1191 835 1440 889 pastoralis,
1473 848 1598 890 quos
1629 834 1677 876 in
1702 834 1975 887 episcopatus
2000 834 2175 876 suist-11.
2200 842 2317 880 Hisp.

220 895 391 938 exordio
431 896 701 948 scripserat.
744 893 880 936 libros
922 893 1105 944 etiam,
1150 905 1253 947 quos
1295 892 1342 934 in
1384 891 1657 944 expositione
1697 890 1818 933 beati
1855 890 1934 932 Iob
1973 890 2081 932 iam·

220 951 383 993 dudum
429 949 962 1003 Constantinopolim
1010 947 1199 997 fecerat,
1253 947 1565 1002 supradicto
1610 946 1809 989 Leandro
1855 946 2082 1000 episcopod

219 1008 420 1057 mittit3
452 1007 535 1049 cui
566 1007 730 1049 etiam
762 1006 946 1060 pallium
981 1018 1031 1047 ex
1060 1005 1362 1048 benedictione
1394 1004 1570 1046 sancti
1599 1002 1722 1045 Petri
1754 1001 1993 1057 dirigit2.

360 1064 593 1106 Mauritius
625 1064 865 1116 imperator
895 1061 1162 1114 legationem
1203 1061 1258 1103 ad
1288 1060 1620 1103 Childebertum
1652 1073 1828 1113 regem
1861 1059 2078 1113 dirigit,
2104 1066 2334 1106 P.D.111‚·29.

219 1120 431 1163 mandans
463 1121 516 1171 ei,
548 1122 611 1169 ut,
644 1118 757 1174 quod
787 1119 907 1172 prius
937 1132 1023 1160 non
1052 1117 1230 1167 fecerat,
1262 1125 1403 1159 nunc.e
1436 1116 1781 1170 adimpleret,
1820 1120 1877 1158 ut
1908 1116 2080 1171 Lango-

220 1176 416 1220 bardosf
451 1177 505 1219 ab
537 1176 674 1218 Italia
702 1176 964 1223 removeret3
997 1174 1071 1229 qui
1103 1174 1340 1216 exercitum
1371 1174 1418 1215 in
1447 1172 1630 1214 Italiam
1662 1172 1835 1219 direxit,
1867 1176 1917 1214 et
1949 1185 2082 1214 com-

220 1234 380 1275 missa
430 1246 582 1287 pugna
632 1245 742 1274 cum
795 1230 1113 1284 Langobardis
1165 1230 1458 1272 Francorum
1512 1229 1653 1271 acies
1707 1228 1951 1282 graviter
2003 1232 2083 1270 at-

221 1290 388 1332 tritae
430 1292 564 1331 sunt.
637 1287 973 1341 [Abrincatis
1017 1286 1279 1328 Paternus
1327 1286 1606 1338 episcopus
1650 1284 1906 1330 nitescit,
1948 1284 2082 1325 civis

221 1342 674 1397 Pictaviensisg]3.
735 1343 916 1384 Flavius
948 1355 1021 1383 rex
1053 1340 1309 1384 Otharius
1336 1339 1758 1383 Theodolindam
1784 1339 2079 1383 Gerbaldih
2102 1347 2148 1376 ib.
2171 1346 2238 1384 111,
2264 1348 2317 1378 30.

220 1402 613 1443 Baioariorumi
651 1399 799 1441 ducis
838 1398 1016 1440 filiam
1055 1398 1107 1439 in
1145 1397 1453 1452 coniugium
1493 1397 1716 1449 accepit.

359 1455 666 1499 Childebertus
695 1455 858 1497 iterato
888 1454 935 1496 in
964 1454 1147 1496 Italiam
1178 1454 1449 1496 exercitumk
1480 1453 1744 1495 Francorum
1776 1465 1874 1494 cum
1904 1452 1987 1494 XX
2009 1451 2084 1493 du·
2109 1460 2157 1490 ib.
2178 1459 2247 1498 111,
2270 1461 2322 1491 31.

220 1512 341 1554 cibus
380 1512 435 1554 ad
472 1510 803 1554 debellandaml
840 1509 1230 1564 Langobardorum
1262 1512 1489 1564 gentemm
1520 1509 1693 1551 direxit.
1762 1507 1858 1560 Qui
1889 1522 1967 1561 per
1997 1511 2085 1550 tres

220 1581 389 1611 menses
429 1568 612 1611 Italiam
654 1570 982 1622 pervagantes
1022 1566 1258 1620 plurima
1301 1568 1480 1609 castra
1521 1565 1880 1619 deposuerunt
1918 1568 1969 1607 et
2006 1565 2085 1606 in-

220 1625 609 1667 numerabilem
670 1622 1081 1666 multitudinem
1151 1623 1486 1676 captivorum
1549 1621 1671 1664 inde
1736 1621 2083 1664 abduxerunt.

219 1681 415 1735 Regem
454 1684 629 1723 autem
661 1678 979 1723 Othariumn
1008 1692 1196 1722 nocere
1233 1693 1332 1721 non
1362 1681 1674 1733 potuerunt,
1715 1678 1790 1733 qui
1820 1679 1939 1720 intra
1971 1677 2085 1719 Tici-

219 1750 399 1779 nensem
428 1737 583 1780 urbem
607 1751 651 1780 se
676 1736 1027 1780 communierat.
1086 1735 1325 1786 Exercitus,
1359 1736 1482 1790 quia
1512 1737 1685 1788 tempus
1711 1734 1923 1777 aestivum
1949 1738 2083 1777 erat.

219 1796 399 1847 propter
441 1794 686 1836 inconsueti
732 1794 842 1836 aeris
891 1791 1298 1835 incommoditatem
1341 1791 1648 1834 dissinteriae0
1698 1791 1848 1833 morbo
1890 1791 2087 1845 graviter

220 1849 494 1906 fatigatur
525 1853 577 1893 et
609 1850 668 1893 ob
700 1849 753 1892 id
782 1850 835 1892 in
865 1849 1100 1903 patriam
1131 1847 1307 1890 redire
1339 1848 1702 1901 compellitur.

363 1919 568 1971 Tassilo
594 1927 783 1986 superP
807 1918 1113 1969 Baioariam
1137 1934 1169 1968 a
1193 1916 1532 1968 Childeberto
1559 1916 1665 1966 dux
1692 1916 2034 1967 constituitur
2046 1915 2085 1968 4.

363 2002 572 2047 Otharius
595 2018 669 2046 rex
693 2003 748 2046 ad
765 2002 1088 2047 Guntramnum
1114 2015 1277 2057 regem,
1300 2004 1507 2056 patruum
1524 2000 1849 2051 Childebertisl,
1875 2001 2084 2057 legatos
2109 2008 2157 2042 ib.
2180 2006 2244 2045 111,
2267 2008 2320 2038 34·

220 2061 392 2110 misit,
435 2064 486 2103 ut
537 2074 614 2114 per
653 2061 745 2102 eius
787 2063 942 2103 nutum
987 2073 1072 2113 pax
1110 2059 1255 2101 inter
1296 2057 1737 2101 Childebertumq
1777 2061 1828 2100 et
1866 2057 2084 2100 eundem

222 2115 323 2159 Oth
335 2118 505 2160 arium
535 2118 796 2159 firmaretur.
858 2117 967 2159 Erat
999 2119 1147 2158 autem
1177 2116 1263 2157 iste
1287 2115 1589 2158 Guntramnus
1620 2128 1693 2156 rex
1717 2112 1934 2168 pacificus,
1966 2114 2085 2156 omni

222 2173 425 2216 bonitate
456 2177 688 2216 ornatus.
760 2173 824 2221 Is,
866 2186 964 2215 cum
996 2172 1184 2227 quodam
1217 2171 1331 2213 dier
1361 2174 1571 2214 venatum
1600 2172 1647 2213 in
1678 2171 1834 2212 silvam
1867 2171 1992 2217 isset,
2037 2174 2086 2212 ut

221 2229 333 2272 solet
372 2230 479 2279 fieri,
522 2231 604 2273 hac
644 2230 837 2285 illacque
880 2228 1226 2271 discurrentibus
1269 2228 1397 2270 sociis
1435 2229 1529 2281 ipse
1572 2241 1669 2270 cum
1706 2241 1792 2269 uno
1829 2226 1981 2269 fideliS
2011 2240 2086 2268 suo

223 2286 365 2328 solus
403 2300 506 2329 rem
519 2287 682 2336 ansit3
723 2290 774 2329 et
804 2286 931 2340 gravi
962 2299 1111 2328 somno
1142 2284 1368 2338 depressus
1401 2287 1568 2338 caputt
1604 2284 1647 2326 in
1681 2283 1866 2337 genibus
1899 2284 1990 2325 eius
2022 2296 2086 2324 re·

223 2342 412 2385 clinato
455 2342 733 2386 obdormivit.
804 2343 869 2385 De
910 2343 1028 2385 cuius
1071 2355 1143 2384 ore
1183 2355 1367 2395 parvum
1408 2341 1574 2383 animal
1616 2353 1837 2394 egressum
1877 2345 2086 2382 tenuemu

222 2398 464 2447 rivulumv‚
508 2400 583 2454 qui
613 2413 746 2453 prope
777 2398 1063 2447 discurrebat,
1105 2398 1296 2440 transire
1339 2397 1679 2440 moliebatur.
1755 2396 1874 2438 Tunc
1908 2396 1991 2439 Ἲς,
2039 2396 2085 2437 in

223 2454 342 2496 cuius
381 2456 548 2509 gremio
586 2454 851 2510 quiescebat,
890 2458 1064 2508 spatam
1103 2467 1227 2496 suam
1267 2453 1454 2495 eduxit
1492 2454 1643 2508 eique
1683 2467 1739 2495 ex
1777 2466 1834 2494 ea
1871 2456 2085 2506 pontem

223 2509 371 2552 fecit.
441 2511 541 2553 Per
572 2525 720 2566 quem
753 2511 809 2554 ad
838 2515 1012 2565 partem
1045 2510 1179 2553 aliam
1210 2510 1449 2553 transivit
1481 2513 1531 2552 et
1561 2511 1605 2552 in
1639 2508 1857 2564 quoddam
1887 2508 2085 2550 foramen

223 2566 386 2607 montis
430 2566 724 2620 ingreditur,
772 2570 817 2610 et
861 2570 961 2621 post
1005 2566 1283 2621 paululum
1329 2567 1629 2608 revertitur
1674 2568 1726 2607 et
1768 2577 1858 2618 per
1901 2564 2084 2607 eandem

223 2623 394 2673 spatam
431 2622 623 2664 rivulum
653 2624 898 2665 transiens
929 2624 975 2665 in
1007 2638 1051 2666 os
1082 2622 1350 2666 Guntramni
1388 2622 1710 2676 ingreditur.
1779 2620 2085 2676 Statimque

223 2689 249 2718 a
279 2690 427 2720 somno
466 2679 735 2721 excitatus
774 2680 961 2721 miram
1000 2683 1051 2722 se
1090 2680 1300 2721 visionem
1338 2678 1499 2720 vidisse
1539 2681 1799 2721 testatur.
1841 2690 2084 2719 asserens

222 2745 272 2775 se
318 2733 535 2788 quendam
579 2735 759 2777 fluvium
803 2748 880 2788 per
922 2738 1102 2788 pontem
1148 2735 1338 2777 ferreum
1383 2735 1620 2777 transisse
1668 2738 1720 2776 et
1765 2733 1816 2774 in
1861 2732 2085 2788 quadam

221 2790 479 2842 spelunca
516 2791 709 2834 multum
738 2791 905 2845 pondus
936 2792 1031 2833 auri
1071 2791 1301 2845 aspexisse.
1373 2791 1479 2841 IsW,
1519 2791 1564 2833 in
1603 2791 1722 2832 cuius
1762 2790 1929 2843 gremio
1968 2788 2085 2831 dor-

219 2912 255 2953 a)
277 2914 356 2945 Hac
371 2932 412 2937 —
429 2917 482 2946 est
506 2914 629 2947 desunt
651 2916 684 2946 Β
701 2916 732 2947 2.
826 2915 865 2954 b)
889 2915 1067 2947 mellitum
1091 2917 1122 2946 Β
1137 2916 1168 2946 2.
1266 2915 1300 2952 c)
1323 2915 1428 2954 Bapt.
1454 2924 1543 2954 gens
1562 2915 1670 2954 Angl.
1696 2920 1731 2946 et
1753 2915 1796 2946 ad
1814 2914 1896 2946 Chr.
1923 2923 2026 2945 conv.
2052 2918 2086 2945 et

217 2955 364 2987 Aedilb.
386 2965 450 2988 rex
473 2966 595 2988 eorum
618 2958 649 2988 B
666 2959 697 2989 3.
797 2957 832 2998 d)
856 2958 947 2989 deest
969 2960 998 2989 A
1014 2959 1049 2989 2.
1144 2956 1178 2997 e)
1202 2960 1288 2988 tunc
1310 2959 1340 2988 A
1359 2959 1387 2987 2.
1487 2957 1514 2989 f>
1536 2959 1680 2996 longob.
1705 2959 1736 2988 Β
1753 2959 1771 2988 2
1796 2957 1918 2988 abhinc
1941 2966 2083 2995 semper.

218 2997 255 3035 g)
277 2999 366 3030 Abr.
383 3017 423 3020 —
439 3001 585 3031 nitescit
615 3000 738 3031 desunt
759 3000 789 3030 A
807 3002 844 3039 2;
884 3001 1106 3039 plotavensis
1130 3001 1162 3030 Β
1177 3000 1220 3040 2;
1253 3001 1472 3038 pictanensis
1496 3000 1528 3030 B
1544 3002 1576 3032 3:
1619 3002 1690 3030 civ.
1717 3001 1802 3039 pict.
1827 3000 1973 3030 nitescit
2003 3000 2034 3029 Β
2052 3000 2082 3030 2.

219 3039 258 3080 h)
287 3041 451 3080 gerhardi
474 3043 506 3073 Β
525 3046 552 3073 1.
661 3041 689 3082 i)
718 3043 936 3074 baim-iorum
959 3043 991 3073 A
1009 3043 1040 3073 2.
1158 3043 1197 3075 k)
1228 3043 1387 3072 exercitu
1411 3043 1442 3072 B
1458 3043 1488 3074 3.
1600 3041 1627 3082 l)
1657 3042 1701 3072 ad
1725 3041 1974 3073 debellandum
2000 3041 2029 3071 A
2047 3043 2083 3079 :23

218 3082 463 3115 addelbertum
486 3086 518 3115 Β
533 3086 564 3116 3.
661 3083 710 3124 m)
726 3084 816 3116 deest
837 3085 870 3115 Β
885 3085 915 3116 2.
1014 3084 1052 3125 n)
1074 3085 1166 3122 Regi
1188 3087 1308 3115 autem
1332 3083 1480 3114 Othario
1504 3084 1535 3114 A
1551 3086 1582 3115 2.
1678 3085 1711 3123 o)
1734 3085 1985 3115 dissemteriae
2008 3084 2039 3113 Β
2056 3085 2085 3115 3.

217 3123 256 3164 p)
294 3126 437 3157 Tassilo
462 3127 535 3158 dux
556 3126 751 3158 baioariam
775 3128 807 3158 Β
822 3128 853 3158 3.
970 3126 1006 3166 q)
1043 3127 1290 3158 chidebertum
1321 3127 1353 3157 Β
1370 3129 1401 3157 1.
1518 3127 1548 3165 r)
1585 3127 1622 3157 Is
1646 3127 1798 3166 quodam
1822 3127 1878 3157 die
1902 3134 1981 3157 cum
2004 3127 2033 3155 A
2051 3126 2083 3156 2.

219 3167 253 3207 s)
277 3167 382 3200 fidele
405 3168 435 3199 A
451 3170 483 3201 2.
571 3168 600 3210 t)
624 3169 741 3208 capud
762 3171 795 3201 Β
810 3170 841 3201 3.
931 3168 970 3209 u)
992 3173 1142 3201 tenuum
1166 3170 1198 3200 B
1213 3170 1243 3201 2.
1329 3168 1368 3208 v)
1391 3169 1532 3199 nullum
1560 3169 1589 3199 A
1605 3171 1637 3202 2.
1726 3174 1770 3208 w)
1791 3169 1882 3200 deest
1906 3169 1935 3199 A
1953 3170 1984 3200 2.

219 3278 262 3330 1)
277 3279 522 3323 Richardus
534 3282 681 3335 Beda,
695 3281 965 3325 Reccaredus
981 3282 1084 3325 Con.
1098 3283 1229 3335 Hisp.
1243 3295 1285 3324 n.
1299 3283 1393 3324 100.
1443 3281 1485 3333 2)
1504 3282 1579 3324 Ex
1595 3281 1854 3325 Colles-tione
1868 3282 2080 3334 Hispana

218 3336 289 3386 ΙΙ,
312 3350 356 3379 n.
380 3337 435 3381 98
458 3343 498 3381 et
520 3338 587 3380 99.
689 3339 733 3389 3)
765 3340 844 3382 Ex
871 3339 978 3383 Vita
1003 3340 1194 3382 Paterni
1220 3338 1423 3387 (auctore
1450 3338 1671 3382 Venantz'o
1695 3340 1946 3382 Fortunato
1973 3337 2080 3379 ΜΘ.

216 3392 582 3493 νιέἕσὲίὲιίῗᾶᾖῖἶ,
614 3397 652 3445 2,
683 3396 898 3446 33—37).
1029 3396 1072 3447 4)
1114 3395 1241 3449 Conf.
1267 3395 1400 3437 Paul.
1424 3395 1559 3437 Diae.
1592 3396 1622 3437 I
1628 3395 1679 3447 V,
1713 3397 1756 3443 ῖς
1797 3395 1877 3436 ubi
1905 3393 2082 3435 Tassslo
