2491 3724
414 129 495 173 174
838 124 1252 170 CONTINUATIO
1284 123 1627 169 REGINONIS.
1689 126 1742 169 A.
1767 128 1866 171 964.

240 271 328 310 Apr.
353 271 383 301 3.
411 254 675 307 Iohannes
714 257 913 313 autem,
960 253 1052 319 qui
1091 256 1143 302 et
1183 250 1531 314 OctavianUS,
1579 251 1873 303 Iohannem
1922 251 2206 304 diaconum
2244 258 2296 304 et

412 327 640 376 Azonem
676 322 1015 375 scriniarium
1041 321 1330 373 crudeliter
1356 321 1691 373 detruncavit
1723 328 1775 373 et
1800 322 2055 388 Otgerum
2081 323 2294 390 Spiren-

412 413 522 447 sem
562 395 869 461 episcopum
908 392 1330 460 conprehensum
1370 398 1422 443 et
1451 390 1775 458 flagellatum
1807 393 2140 459 aliquamdiu
2170 394 2297 445 licet

411 465 740 517 incommode
782 481 960 516 secum
1001 463 1245 521 detinuit,
1286 462 1379 514 sed
1417 469 1604 528 postea
1643 463 1857 514 statima
1903 480 2023 514 eum
2068 481 2159 531 spe
2197 465 2294 515 im-

414 535 707 603 petrandae
747 534 813 586 ab
861 535 1180 602 imperatore
1219 534 1404 585 veniae
1449 534 1670 587 remisit.
1754 534 1902 596 Quae
1948 551 2069 600 spes
2117 534 2295 586 divina

226 624 386 655 Mami.
414 624 535 659 eum
580 606 919 659 ordinatione
966 605 1180 657 fefellit:
1231 621 1357 656 nam
1402 603 1466 657 II.
1503 603 1629 655 Idus
1669 603 1800 654 Maii
1849 603 2007 656 rebus
2046 604 2294 656 humanis

413 679 655 729 excessit.
743 676 890 728 Tunc
928 676 1154 727 Romani
1204 692 1308 726 non
1360 674 1564 726 modice
1615 679 1911 726 metuentes
1957 675 2296 742 imperatoris

413 748 696 799 adventum
734 746 1084 797 Benedictum
1124 745 1390 814 quendam
1420 745 1693 797 Romanae
1725 745 1982 797 ecclesiae
2010 745 2296 797 diaconum

411 818 534 869 fidei
574 824 625 870 et
664 817 940 868 electionis
980 817 1161 869 domni
1198 817 1390 868 Leonis
1437 816 1776 868 immemores
1823 816 2026 883 eligunt
2065 822 2117 868 et
2153 816 2296 869 ordi-

412 894 597 940 natum
639 887 753 940 sedi
792 887 1120 953 apostolicae
1158 888 1455 954 imponunt.

556 971 669 1035 Quo
716 971 902 1023 audito
950 972 1243 1038 imperator
1288 970 1513 1022 collecta
1557 970 2008 1037 undiquessecusb
2059 969 2296 1022 fidelium

415 1059 633 1095 suorum
688 1041 1028 1094 multitudine
1083 1042 1307 1093 Romam
1361 1041 1494 1093 adiit
1546 1047 1599 1092 et
1650 1040 1804 1092 firma
1859 1058 1974 1092 eam
2028 1058 2092 1092 ex
2153 1041 2296 1092 omni

413 1120 566 1180 parte
607 1112 906 1176 obsidione,
952 1129 1017 1164 ne
1057 1113 1176 1179 quis
1214 1117 1425 1179 pateret
1464 1111 1663 1176 exitus
1712 1112 1950 1166 munivit.
2039 1111 2142 1164 Sed
2177 1129 2296 1177 pre-

413 1185 587 1236 dictus
626 1184 966 1247 Benedictus,
1014 1183 1179 1234 falso0
1223 1183 1437 1235 nomine
1477 1182 1815 1247 apostolicus,
1864 1182 2064 1234 diutius
2103 1188 2161 1234 ut
2198 1183 2295 1233 im-

414 1256 650 1335 peratori
694 1255 1028 1318 resisterent,
1076 1254 1345 1305 Romanos
1392 1253 1645 1305 animavit
1689 1254 1940 1332 ipsequed
1985 1253 2296 1320 imperatori

416 1327 632 1394 suisque
661 1325 909 1378 fidelibus
942 1325 1542 1377 excommunicationem
1575 1324 1904 1376 comminans
1937 1341 2119 1376 muros
2151 1323 2296 1376 urbis

414 1397 657 1449 ascendit
709 1403 760 1449 et
813 1397 1025 1448 elatiori
1079 1413 1134 1447 se
1187 1396 1354 1460 fastu,
1407 1412 1568 1462 quam
1621 1395 1975 1463 apostolicum
2028 1395 2294 1457 decuerat,

416 1468 693 1520 continuit.
769 1467 851 1518 Ad
888 1468 1134 1518 ultimum
1168 1466 1396 1518 Romani
1434 1466 1575 1517 fame
1613 1473 1666 1518 et
1705 1465 1981 1517 obsidione
2019 1466 2297 1518 constricti

414 1556 470 1591 se
494 1555 701 1590 errasse
723 1545 775 1591 et
794 1544 981 1590 contra
1002 1538 1376 1605 imperatorem
1402 1537 1628 1588 iniustee
1652 1536 1939 1603 deliquisse
1963 1538 2294 1604 poenitentes

233 1624 315 1655 Iun.
334 1625 386 1656 23.
413 1611 497 1661 in0
514 1609 694 1676 vigilia
710 1609 1063 1670 PrecursoriS,
1084 1608 1356 1662 i.e.VIIII.
1372 1607 1488 1661 Kal.
1508 1607 1645 1671 Iulii,
1669 1614 1852 1673 portas
1877 1607 2026 1659 urbis
2051 1607 2297 1674 aperiunt

414 1686 466 1732 et
488 1681 809 1747 imperatore
835 1697 957 1731 cum
982 1677 1385 1731 honorificentia
1409 1678 1590 1729 debita
1614 1679 1925 1729 intromisso
1948 1678 2297 1730 Benedictum

416 1752 732 1818 sacrilegum
787 1756 840 1801 et
891 1750 1167 1817 periurum
1226 1749 1607 1816 imperatoriae
1668 1748 1892 1800 dicionif
1953 1748 2187 1800 reddunt
2245 1755 2298 1800 et

414 1822 668 1873 domnum
721 1821 952 1873 Leonem
1005 1821 1060 1871 in
1113 1819 1295 1871 sedem
1348 1819 1699 1886 apostolicam
1751 1819 2058 1872 restituunt.
2149 1819 2296 1871 Tunc

412 1893 518 1944 Leo
571 1891 899 1960 apostolicus
961 1891 1265 1943 coadunata
1325 1891 1612 1942 multorum
1674 1891 2050 1957 episcoporum
2108 1890 2296 1942 sinodo

414 1963 639 2015 eundem
663 1962 1010 2015 Benedictum
1036 1963 1307 2014 Romanae
1332 1961 1472 2014 sedis
1497 1962 1795 2013 invasorem
1827 1961 2027 2013 iudicio
2061 1962 2297 2013 omnium

414 2035 480 2086 ab
531 2035 714 2086 invaso
765 2033 937 2101 gradu
989 2033 1237 2100 deposuit
1288 2040 1339 2084 et
1388 2031 1690 2099 pontificale
1729 2032 1967 2099 pallium,
2013 2032 2158 2100 quod
2196 2032 2299 2084 sibi

414 2107 768 2173 imposuerat,
836 2103 1108 2156 abscindit
1173 2103 1508 2170 ferulamque
1575 2104 1901 2171 pastoralem
1960 2121 2123 2155 manu
2183 2103 2297 2155 eius

414 2182 685 2243 arreptam
729 2193 912 2228 coram
957 2174 1200 2227 omnibus
1246 2176 1300 2225 in
1346 2174 1519 2226 frusta
1570 2175 1833 2240 confregit
1889 2179 1942 2226 et
1992 2174 2061 2226 ad
2112 2190 2296 2239 preces

413 2246 752 2314 imperatoris
792 2246 1106 2298 diaconatus
1145 2263 1264 2297 eum
1303 2250 1513 2297 tantum
1551 2245 1720 2312 gradu
1759 2245 1840 2296 uti
1880 2245 2154 2297 concessit.

237 2359 391 2390 numi,
562 2330 846 2382 Celebrata
891 2347 1014 2381 vero
1061 2330 1208 2381 beati
1254 2329 1509 2380 Iohannis
1554 2329 1836 2381 nativitate
1887 2335 1939 2380 et
1988 2333 2296 2381 sanctorum

236 2428 316 2459 Iun.
335 2429 387 2459 29.
416 2401 776 2469 apostolorum
794 2402 812 2436 l
843 2400 1134 2452 festivitate
1164 2401 1452 2467 imperator
1482 2399 1547 2451 ab
1578 2400 1710 2452 urbe
1745 2401 1984 2452 Romana
2013 2400 2298 2452 revertitur

415 2479 466 2524 et
510 2471 820 2535 infeliciori‚
868 2489 1027 2538 quam
1075 2476 1405 2538 speraverat,
1453 2471 1624 2523 omine
1671 2472 1727 2522 in
1769 2470 2040 2522 redeundo
2079 2470 2294 2523 fruitur.

413 2542 550 2594 Nam
595 2548 749 2594 tanta
793 2543 1083 2594 exercitum
1129 2543 1243 2594 eius
1289 2542 1454 2609 pestis
1501 2548 1553 2593 et
1598 2542 1922 2594 mor*talitas
1967 2542 2184 2605 invasit,
2236 2547 2336 2592 ut*
2387 2578 2395 2586 .
2460 2572 2465 2585 -

412 2615 498 2665 vix
534 2613 615 2665 vel
654 2631 814 2665 sanus
853 2615 973 2681 quis
1013 2631 1044 2665 a
1083 2630 1238 2664 mane
1278 2630 1447 2680 usque
1486 2612 1555 2664 ad
1593 2630 1867 2680 vesperam
1899 2613 1983 2664 vel
2013 2631 2045 2664 a
2077 2627 2295 2679 vespera

413 2702 581 2752 nsque
620 2685 690 2736 ad
729 2702 883 2736 mane
923 2702 978 2736 se
1015 2684 1278 2736 victurum
1318 2684 1624 2751 speraverit.
1711 2684 1789 2734 Ex
1835 2701 1940 2751 qua
1984 2683 2294 2750 pestilentia

415 2756 664 2807 obierunt
702 2755 1009 2819 Heinricus‚
1057 2754 1494 2822 archiepiscopus
1533 2755 1910 2807 Treverensisg
1955 2760 2006 2806 et
2044 2752 2294 2807 Gerricus

415 2826 581 2878 abbas
592 2825 876 2877 Wizenbur
881 2826 1089 2893 gensish
1108 2832 1160 2877 et
1176 2825 1499 2878 Godefridus
1518 2825 1624 2877 dux
1641 2825 2029 2878 Lothariensis1
2045 2824 2295 2876 aliorum-

415 2914 517 2964 que
575 2897 856 2948 innumera
915 2896 1203 2948 multitudo
1263 2902 1376 2948 tam
1436 2896 1694 2948 nobilium
1754 2914 1915 2964 quam
1966 2894 2291 2971 ignobilium.

414 2966 649 3019 landem
687 2968 1030 3018 miseratione
1069 2967 1248 3019 divina
1285 2967 1591 3034 pestilentia
1630 2974 1870 3019 cessante
1909 2967 2201 3032 imperator
2239 2963 2294 3013 in

414 3038 689 3104 Liguriam
743 3039 981 3104 pervenit
1034 3037 1213 3104 ibique
1269 3038 1569 3089 autumnali
1617 3043 1861 3103 tempore
1910 3052 2040 3103 pace
2089 3039 2140 3085 et
2189 3032 2293 3084 otio

416 3125 611 3159 vacans
653 3125 707 3160 se
744 3107 1152 3160 venationibusk
1192 3109 1518 3160 exeicitavit.

418 3246 452 3285 a)
476 3247 566 3278 deest
591 3248 620 3277 A
639 3250 668 3278 1.
778 3249 815 3282 b)
839 3248 1104 3286 undiquesecus
1130 3248 1158 3278 A
1178 3251 1206 3278 1.
1320 3247 1352 3286 c)
1389 3248 1412 3278 f.
1441 3257 1473 3277 n.
1501 3250 1613 3285 apost.
1641 3247 1765 3278 desunt
1789 3246 1819 3276 A
1836 3246 1865 3276 3.
1978 3243 2013 3284 d)
2048 3244 2191 3283 ipsique
2215 3242 2245 3274 A
2261 3244 2291 3274 3.

417 3290 451 3329 e)
478 3289 601 3320 VIIII.
622 3289 705 3320 Kal.
725 3289 814 3328 iulii,
838 3291 904 3320 hoc
931 3294 984 3320 est
1010 3291 1047 3320 in
1070 3291 1144 3329 vig.
1170 3297 1267 3327 pree.
1295 3289 1428 3319 domini
1458 3290 1488 3319 A
1505 3291 1534 3320 3.
1616 3289 1643 3328 f)
1667 3289 1835 3327 potestati
1862 3287 1891 3317 A
1908 3288 1939 3317 3.
2022 3287 2057 3325 gl
2080 3286 2294 3318 trevirensis

418 3332 518 3363 arch.
543 3332 573 3363 A
590 3333 620 3363 3.
712 3332 749 3371 h)
775 3332 976 3370 uuiziburg.
1003 3332 1032 3362 A
1052 3335 1086 3370 1;
1119 3332 1260 3362 uuizeb.
1289 3332 1319 3361 A
1335 3333 1365 3362 3.
1464 3333 1491 3371 i)
1515 3331 1672 3362 hlothar.
1698 3332 1728 3361 A
1747 3333 1774 3361 1.
1873 3329 1912 3369 k)
1936 3331 2126 3360 venatione
2151 3337 2190 3359 se
2214 3329 2244 3359 A
2261 3328 2291 3360 3.

420 3444 462 3497 ])
495 3445 624 3488 Petri
652 3449 693 3488 et
723 3445 874 3488 Pauli.
