2491 3724
625 156 954 202 REGINONIS
986 154 1347 202 CHRONICON.
1407 154 1461 198 A.
1480 154 1737 198 796—797.
2057 158 2110 199 59

247 284 447 339 'pervenit
473 283 527 326 ad
551 283 694 326 locum
706 292 738 335 a,
763 287 839 341 qui
863 285 1027 328 dicitur
1051 284 1252 333 Hliunib‚
1284 284 1331 326 in
1355 296 1438 338 quo
1461 280 1669 324 hisdem
1693 279 1880 323 diebus
1907 281 2111 323 Wizzanc
2138 290 2233 320 Anu.
2257 289 2364 321 Laur.

248 339 594 384 Abrotidorumd
625 354 699 383 rex
730 354 755 383 a
778 341 1018 386 Saxonibus
1049 341 1211 383 occisus
1243 339 1435 382 fuerat.
1494 338 1564 380 Ibi
1596 337 1731 380 etiam
1755 341 1967 379 venerunt
1991 338 2113 379 missi

248 397 475 446 Thudune‚
507 396 654 451 quiin
684 402 818 451 gente
850 403 894 442 et
924 411 1059 451 regno
1083 395 1352 439 Avarorumf
1380 408 1585 449 magnam
1612 395 1881 447 potestatem
1906 393 2112 435 habebat.

248 453 635 503 affirmantesg,
675 454 788 508 quod
825 455 944 498 idem
981 452 1198 496 Thudunll
1239 466 1337 494 cum
1376 455 1494 494 terra
1534 453 1577 492 et
1614 448 1773 503 populo
1811 462 1886 491 suo
1917 462 1960 491 se
1992 450 2086 503 regi
2106 451 2113 479 i

246 509 370 552 dare
400 509 570 552 velletk
601 509 667 551 etl
705 511 796 553 eius
827 510 1102 554 ordinatione
1131 508 1419 550 christianam
1443 506 1574 549 fidem
1598 506 1828 559 suscipere.
1888 505 1979 548 Rex
2010 506 2114 548 ita-

247 579 342 620 que
374 565 550 609 afflictis
581 578 746 620 magna
776 577 869 610 exm
899 570 1025 621 parte
1049 564 1290 607 Saxonibus
1323 576 1556 617 eorumque
1579 564 1699 604 terra
1722 563 1898 603 vastata
1923 563 2113 615 accepti>-

247 621 472 665 obsidibus
511 622 557 664 in
597 622 875 666 Franciam
913 622 1049 665 rediit
1087 624 1131 663 et
1171 620 1412 662 celebravit
1450 618 1647 661 natalem
1679 618 1859 660 Domini
1891 617 2031 673 Aquis
2071 623 2114 661 et

244 679 408 732 pascha
439 678 662 721 similiter.

389 734 535 777 Anno
580 734 880 777 dominicae
933 731 1331 776 incarnationis
1378 728 1644 774 DCCXCVI.
1727 729 1948 772 Adrianus
2000 743 2114 783 papa

246 791 359 834 obiit
390 793 435 833 et
465 791 552 833 Leo
582 803 681 832 mox
710 791 756 833 in
787 789 1155 844 pontificatun
1188 788 1409 831 successit.
1478 787 1785 839 Statimque
1817 786 1967 828 misit
1999 788 2115 841 regi

246 848 417 902 legatos
442 860 539 888 cum
563 847 829 897 muneribus,
863 847 1034 889 claves0
1059 846 1197 889 etiam
1220 844 1498 887 confessionis
1523 843 1666 886 sancti
1691 842 1814 885 Petri
1839 845 1884 884 et
1907 843 2114 885 vexillum

245 904 467 946 Romanae
504 902 626 945 urbis
665 903 838 945 direxit.
905 903 1170 945 Heinricusp
1209 901 1293 943 dux
1323 900 1756 944 Foroiulanorumq
1794 899 1938 941 missis
1977 899 2114 942 homi-

246 960 373 1002 nibus
395 959 484 1001 suis
505 972 603 1001 cum
619 960 871 1003 Wonomiro
887 958 1040 1002 Sclavo
1059 959 1104 1001 in
1121 956 1348 1001 Pannonia
1361 967 1379 990 r
1394 957 1415 999 I
1426 958 1603 1011 ringum
1617 966 1632 987 S
1647 955 1683 986 -l
1708 956 1854 1011 gentis
1872 955 2113 998 Avarorum

243 1015 536 1082 principem
566 1022 711 1078 longis
742 1025 860 1066 retro
889 1022 1163 1076 temporibus
1195 1022 1438 1077 quietumt,
1471 1020 1591 1062 civili
1622 1019 1740 1062 bello
1771 1018 1975 1074 fatigatis
2000 1020 2117 1062 inter

242 1107 289 1136 se
325 1093 613 1147 principibus,
657 1085 956 1152 inprovisessu
996 1093 1259 1148 expoliavit.
1328 1089 1533 1145 Caganus
1565 1089 1644 1132 et2
1675 1090 1870 1144 Iugurov
1901 1090 2115 1132 intestina

242 1156 368 1199 clade
399 1156 722 1211 interempti
751 1159 902 1207 sunt;
944 1157 1202 1200 thesaurum
1232 1155 1474 1209 priscorum
1512 1167 1665 1208 regum
1698 1152 1841 1195 multa
1872 1153 2114 1196 seculorum

244 1213 499 1267 prolixitate
538 1214 771 1257 collectum
810 1213 948 1256 idem
987 1213 1086 1256 dux
1124 1211 1279 1255 Carolo
1311 1210 1366 1254 ad
1396 1210 1536 1265 Aquis
1575 1210 1796 1263 palatium
1826 1210 1963 1252 misit.
2024 1208 2115 1261 Quo

243 1271 421 1323 accepto
458 1272 638 1323 peracta
675 1270 885 1325 largitori
923 1270 1118 1312 omnium
1157 1269 1368 1311 bonorum
1412 1267 1658 1322 gratiarum
1698 1267 1867 1309 actione
1906 1280 2114 1320 magnam

244 1328 416 1380 partem
461 1325 562 1369 inde
606 1326 791 1370 Romam
838 1325 893 1369 ad
936 1326 1094 1368 limina
1140 1325 1436 1378 apostolorum
1481 1323 1606 1365 misit
1645 1336 1722 1376 per
1752 1321 2116 1376 Angelbertumw

246 1382 465 1425 abbatem.
522 1382 655 1426 Porro
679 1383 896 1438 reliquam
920 1385 1093 1436 partem
1118 1381 1423 1435 optimatibus,
1456 1379 1627 1422 clericis
1652 1379 1743 1421 sive
1767 1378 1907 1428 laicis,
1941 1380 2116 1422 ceteris-

246 1452 328 1493 que
358 1438 563 1481 fidelibus
603 1439 691 1481 suis
730 1439 922 1494 largitus
955 1441 1035 1482 est.
1103 1438 1202 1480 Per
1239 1437 1375 1479 idem
1414 1439 1625 1489 tempus
1664 1434 1850 1477 Thudun
1881 1435 2114 1478 secundum

244 1495 652 1548 promissionem
691 1509 813 1538 suam
846 1509 942 1537 cum
981 1508 1144 1549 magna
1174 1496 1301 1548 parte
1332 1492 1608 1535 Avarorumx
1640 1491 1695 1534 ad
1724 1505 1873 1547 regem
1912 1493 2034 1534 venit
2065 1501 2117 1534 et

245 1565 290 1593 se
322 1565 419 1593 cum
450 1551 612 1605 populo
654 1565 730 1595 suo
772 1554 817 1595 et
857 1552 1005 1606 patria
1048 1551 1144 1606 regi
1185 1549 1442 1598 tradidit3
1486 1551 1537 1592 et
1573 1549 1667 1602 ipse
1707 1551 1750 1590 et
1780 1548 1965 1602 populus
2006 1549 2116 1591 eius<

245 1607 500 1661 baptizatus
532 1610 611 1658 est,
645 1611 689 1650 et
719 1608 976 1651 muneribus
1008 1608 1223 1661 susceptis
1254 1606 1480 1648 redierunt
1512 1604 1573 1648 ad
1603 1605 1834 1659 propria.
1895 1604 2117 1648 Eodem-v

245 1666 483 1718 tempore
520 1679 594 1707 rex
632 1678 745 1707 cum
787 1665 987 1708 exercitu
1025 1664 1257 1707 Saxoniam
1289 1664 1511 1718 ingressus
1543 1665 1650 1712 estz,
1691 1665 1743 1704 et
1775 1661 2004 1715 Pippinus
2037 1676 2117 1704 rex

245 1721 290 1762 in
321 1721 641 1763 Pannoniama
670 1735 770 1764 cum
801 1722 993 1764 exercitu
1023 1719 1324 1764 introivitb.
1393 1719 1554 1761 Venit
1586 1720 1760 1761 autem
1793 1718 1960 1772 legatio
1992 1718 2116 1772 Pip-

245 1777 360 1830 pini
391 1777 536 1831 regis
568 1777 630 1820 ad
659 1781 866 1832 patrem
898 1778 945 1821 in
968 1777 1234 1825 Saxoniam,
1269 1789 1379 1831 quae
1411 1774 1564 1826 dixit0‚
1597 1774 1764 1830 quodd
1796 1774 1987 1817 Avarese
2019 1781 2117 1828 post

244 1833 599 1876 interfectionem
616 1835 811 1887 priorum
830 1834 1017 1878 ducum
1034 1833 1218 1888 superf
1231 1847 1280 1876 se
1301 1832 1682 1875 constituissent
1705 1844 1883 1885 regem
1907 1832 2115 1874 nomine

246 1888 464 1932 Kaiam3
495 1892 578 1933 etg
607 1890 869 1944 Pippinus
902 1894 1089 1934 contra
1121 1903 1232 1933 eum
1265 1892 1474 1931 certare
1506 1887 1833 1942 disponeret.
1879 1888 1969 1929 Rex
1994 1901 2116 1941 pera-

246 1948 377 1997 grata
408 1945 595 1989 Saxonia
625 1947 672 1989 in
703 1947 984 1990 Franciam
1015 1961 1059 1990 se
1091 1946 1257 2000 recepit
1289 1948 1333 1988 et
1362 1945 1408 1987 in
1440 1944 1580 2000 Aquis
1618 1944 1787 1998 palatio
1818 1944 1960 1986 filium
1991 1958 2114 1986 suum

246 2002 484 2056 Pippinum
516 2002 572 2045 eh
602 2001 830 2046 Pannonia
859 2003 1115 2046 redeuntem
1154 2006 1199 2045 et
1228 2004 1402 2056 partem
1432 2001 1650 2047 thesauri.
1690 2013 1800 2055 quae
1832 2004 2114 2045 remanserat.

247 2058 537 2101 adducentem
580 2059 723 2102 laetus
767 2060 948 2114 aspexit.
1021 2060 1100 2103 Eti
1146 2059 1388 2102 celebravit
1427 2057 1513 2099 ink
1552 2057 1729 2100 eodem
1767 2057 1881 2100 loco
1919 2058 2113 2100 natalem

245 2115 425 2158 Domini
457 2118 508 2158 et
538 2116 700 2169 pascha
730 2116 1005 2159 similiter.

389 2171 536 2215 Anno
567 2171 865 2216 dominicae
897 2172 1295 2215 incarnationis
1320 2169 1613 2213 DCCXCVH.
1674 2169 1926 2211 Bai-cilonal
1959 2170 2114 2212 civitas

245 2228 500 2282 Hispaniae,
534 2242 644 2283 quae
674 2229 762 2272 iam
794 2229 965 2283 pridem
1005 2243 1030 2272 a
1060 2228 1284 2271 Francis
1324 2227 1616 2274 disciveratm,
1648 2240 1725 2280 per
1757 2226 1992 2268 Thathun⁴
2023 2240 2117 2279 pre-

246 2284 409 2327 fectum
441 2285 579 2339 ipsius
611 2285 831 2329 Francis
864 2289 931 2328 est
961 2285 1158 2329 reddita:
1198 2298 1299 2327 nam
1337 2285 1430 2337 ipse
1463 2283 1518 2325 ad
1556 2282 1774 2336 palatium
1806 2282 1982 2325 veniens
2014 2283 2118 2325 civi-

247 2343 400 2384 tatem
433 2353 529 2384 cum
560 2343 834 2396 semetipso1¹
865 2342 961 2397 regi
992 2341 1272 2386 tradidito.
1355 2339 1578 2383 Eodemp
1620 2342 1857 2393 tempore
1900 2339 2118 2392 expeditio

245 2397 365 2440 facta
406 2400 487 2440 est
526 2398 572 2440 in
614 2398 862 2451 Saxoniam,
906 2403 951 2441 et
987 2412 1123 2453 usque
1162 2397 1216 2440 ad
1256 2410 1462 2440 oceanum
1507 2400 1630 2438 trans
1669 2409 1816 2438 omnes
1854 2395 2035 2449 paludes
2075 2401 2118 2438 et

246 2454 367 2497 invia
391 2455 485 2497 loca
510 2456 845 2508 pertransiitq
876 2456 1158 2498 exercitus
1219 2454 1277 2497 Et
1300 2467 1374 2496 rex
1404 2453 1487 2496 der
1517 2452 1836 2495 Adulohocs-f2
1867 2457 2118 2507 regressust

247 2533 302 2539 -
342 2511 421 2554 1100
459 2511 575 2553 enim
613 2511 739 2555 locou
777 2526 934 2555 nomen
972 2515 1071 2562 est,
1110 2511 1218 2554 ubiv
1257 2523 1439 2553 oceanus
1479 2509 1709 2552 Saxoniam
1748 2509 1892 2559 alluit,
1932 2532 1984 2537 —
2023 2512 2117 2551 tota

246 2607 282 2644 a)
314 2607 354 2638 in
378 2607 455 2639 10οο
479 2609 509 2639 Α
525 2610 556 2639 2.
652 2608 690 2647 b)
725 2609 867 2640 hluiuni
891 2610 922 2640 B
938 2611 970 2641 3.
1061 2609 1094 2649 c)
1130 2609 1259 2639 witzan
1284 2609 1313 2639 A
1331 2609 1362 2639 3.
1454 2608 1488 2643 d)
1512 2607 1663 2638 abotrid.
1690 2607 1718 2637 A
1738 2609 1766 2637 1.
1793 2608 1829 2644 2;
1861 2606 2011 2637 abodrit.
2038 2607 2068 2637 A
2084 2607 2114 2637 3.

247 2650 281 2683 e)
302 2650 465 2681 thuduno
488 2651 520 2681 A
538 2653 574 2687 13
605 2651 719 2682 tudun
743 2653 774 2682 Β
790 2653 820 2683 3.
919 2653 948 2686 f)
971 2661 1121 2683 avarum
1144 2652 1187 2682 Β.
1281 2651 1318 2690 g)
1342 2650 1433 2682 deest
1457 2651 1498 2681 A.
1588 2649 1627 2679 hl
1651 2649 1766 2679 thudn
1791 2650 1821 2679 B
1839 2650 1873 2687 ·2;
1905 2648 2018 2680 tudun
2042 2649 2073 2679 Β
2089 2650 2118 2681 3.

246 2691 274 2731 i)
296 2694 374 2730 regi
399 2701 437 2723 se
460 2693 490 2723 A
508 2695 537 2723 1.
563 2694 600 2731 33
637 2695 714 2731 regi
737 2694 823 2724 dare
849 2702 886 2724 se
911 2695 941 2724 A
958 2696 989 2726 2.
1085 2695 1123 2733 k)
1146 2693 1257 2724 vellet
1275 2692 1499 2723 affirmantes
1523 2693 1563 2722 A.
1662 2693 1689 2727 l)
1712 2700 1750 2721 se
1773 2692 1802 2722 A
1821 2696 1850 2721 ·.·,
1941 2694 1989 2720 m)
2016 2699 2059 2721 ex
2081 2699 2118 2729 p.

247 2735 371 2765 desunt
391 2736 422 2766 A
439 2735 469 2765 2.
557 2739 596 2772 n)
631 2735 877 2774 pontificatum
900 2737 978 2767 Β2.
1069 2735 1103 2776 o)
1133 2739 1320 2775 portantes
1344 2737 1388 2766 cl.
1415 2735 1509 2766 conf.
1535 2735 1565 2765 A
1584 2736 1612 2764 1.
1642 2735 1677 2767 2:
1709 2734 1766 2763 cui
1792 2738 1825 2763 et
1849 2734 1892 2763 cl.
1920 2733 2012 2763 conf.
2038 2734 2067 2763 A
2084 2735 2114 2763 3.

248 2775 285 2816 p)
310 2777 481 2807 hem-icus
504 2777 534 2808 A
550 2779 586 2817 33
619 2779 775 2809 einricus
799 2779 843 2809 B.
907 2778 942 2818 q)
966 2778 1261 2809 foroiulianorum
1284 2778 1315 2808 A
1335 2780 1364 2808 1.
1426 2778 1456 2817 r)
1478 2777 1698 2816 pannoniam
1722 2777 1763 2806 A.
1825 2777 1858 2808 s)
1882 2776 2012 2814 irigum
2038 2776 2068 2805 B
2084 2777 2113 2806 3.

249 2822 275 2857 1)
313 2820 375 2858 qui
398 2823 434 2850 et
455 2823 531 2849 tum
555 2821 638 2859 B1;
677 2821 737 2859 qui
760 2829 842 2851 eum
865 2821 897 2851 B
913 2822 944 2850 2.
1056 2821 1094 2861 u)
1131 2821 1329 2858 inprovisis
1360 2821 1391 2850 B
1407 2821 1437 2851 3.
1549 2817 1588 2858 v)
1626 2819 1771 2856 iugurro
1802 2820 1832 2848 A
1849 2819 1885 2849 3:
1924 2818 2047 2855 iugero
2072 2818 2115 2847 Β.

248 2860 294 2901 w)
326 2862 565 2900 engilbertum
589 2863 632 2893 Β.
741 2863 780 2902 x)
813 2871 958 2893 avarum
983 2863 1026 2894 Β.
1136 2861 1175 2901 y)
1207 2862 1258 2892 Eo
1283 2862 1314 2892 Β
1330 2863 1360 2892 2.
1475 2859 1509 2898 z)
1538 2862 1687 2891 intravit
1710 2861 1753 2890 A.
1856 2860 1891 2899 a)
1921 2860 2010 2891 <least
2033 2861 2062 2890 A
2080 2859 2116 2896 2;

247 2904 428 2943 pannonia
450 2905 482 2935 Β
497 2905 528 2935 2.
582 2904 619 2943 b)
645 2913 709 2936 rex
733 2913 839 2944 pann.
865 2905 1046 2936 hostiliter
1068 2904 1204 2935 invasit
1226 2905 1268 2935 A.
1325 2903 1359 2944 c)
1383 2912 1474 2942 quae
1500 2904 1624 2935 retulit
1647 2903 1720 2941 (A.)
1745 2903 1774 2933 A
1794 2905 1827 2940 13
1859 2903 1917 2941 qui
1942 2905 2007 2932 ret.
2034 2902 2064 2932 A
2079 2904 2115 2934 ‘2z

247 2947 410 2977 referens
433 2947 464 2977 A
479 2948 510 2978 3.
614 2947 650 2985 d)
673 2946 765 2978 deest
787 2947 835 2985 A3
867 2947 952 2986 quia
977 2948 1006 2977 B
1023 2948 1053 2978 3.
1158 2950 1190 2981 e)
1215 2954 1344 2977 avaros
1368 2947 1409 2976 A.
1515 2946 1543 2985 f)
1575 2953 1697 2976 resem
1721 2946 1790 2976 sibi
1816 2945 2048 2975 constituisse
2072 2944 2112 2974 A.

247 2991 285 3027 g)
309 2991 344 3020 et
366 2989 460 3028 quod
482 2989 512 3020 A
528 2990 558 3020 3.
612 2990 652 3030 h)
676 2998 697 3019 a
719 2989 752 3019 Β
767 2990 798 3019 2.
816 2991 847 3021 3.
903 2990 930 3028 i)
951 2989 999 3020 Et
1014 3006 1056 3011 —-
1073 2989 1241 3019 similiter
1264 2989 1388 3019 desunt
1411 2988 1442 3018 Β
1458 2989 1488 3019 2.
1546 2988 1584 3026 k)
1608 2992 1681 3017 nat.
1700 2988 1805 3018 Dom.
1824 2988 1860 3017 in
1884 2987 1960 3017 eod.
1987 2987 2010 3016 l.
2037 2987 2065 3017 A
2083 2988 2113 3016 2.

248 3031 275 3068 1)
305 3031 504 3062 barcinona
526 3032 603 3063 B3.
693 3032 742 3072 m)
777 3031 982 3062 desciverat
1005 3032 1035 3062 A
1054 3034 1082 3062 l.
1110 3033 1147 3070 33
1183 3031 1404 3061 descisserat
1426 3031 1456 3061 A
1473 3032 1502 3061 2.
1592 3030 1630 3069 n)
1671 3038 1751 3060 cum
1774 3038 1861 3060 sem.
1888 3029 2011 3060 desunt
2033 3030 2062 3059 A
2079 3029 2114 3063 ὃς

249 3082 371 3104 secum
396 3074 478 3113 (A.)
500 3074 532 3104 A
550 3076 585 3114 13
625 3081 665 3104 se
688 3083 769 3105 cum
794 3074 942 3105 civitate
965 3074 996 3105 A
1014 3075 1044 3104 2.
1171 3078 1206 3108 o)
1243 3073 1340 3104 dedit
1364 3074 1394 3104 A
1411 3073 1439 3102 9.
1559 3076 1595 3111 p)
1634 3080 1675 3102 eo
1699 3073 1730 3102 Β
1747 3073 1783 3104 2;
1821 3076 1902 3110 post
1925 3072 2014 3102 haec
2037 3072 2066 3101 A
2082 3072 2114 3101 3.

248 3115 286 3193 (ἐξ
308 3116 524 3190 ErgiigszigAB.
542 3114 617 3190 l.r)
640 3115 731 3148 deest
753 3117 783 3147 A
800 3118 830 3147 2.
910 3115 942 3156 s)
966 3116 1144 3154 adulohog
1166 3117 1218 3154 A;
1253 3115 1430 3146 adulohoo
1454 3115 1486 3145 B
1505 3117 1532 3145 1.
1604 3114 1633 3154 t)
1658 3115 1749 3145 deest
1772 3115 1813 3145 A.
1884 3115 1921 3154 u)
1944 3113 2012 3144 loci
2037 3113 2067 3143 Β
2083 3114 2112 3143 3.

252 3241 293 3293 1)
335 3241 546 3297 hringum
586 3243 633 3294 (i.
669 3257 705 3286 e.
745 3245 920 3295 urbem)
964 3245 1082 3287 Ann.
1124 3245 1284 3295 Lama,
1330 3242 1450 3285 unde
1486 3247 1642 3285 temere
1681 3242 1853 3296 Regyz‘no
1893 3240 2115 3294 principis

250 3311 407 3340 nomen
435 3298 553 3351 fecit.
643 3301 687 3352 2)
719 3301 860 3343 Falso
891 3306 1040 3343 noster
1071 3313 1126 3342 ecc
1150 3301 1325 3353 Iuyuro
1350 3298 1548 3353 Cczqano,
1581 3300 1608 3340 τ’.
1636 3312 1671 3340 e.
1701 3311 1818 3352 νειμ),
1851 3297 1963 3339 dnos
1990 3297 2113 3349 prin-

252 3355 370 3407 cipes
392 3354 504 3407 fecit
514 3371 528 3407 ,·
574 3368 614 3398 v.
637 3369 780 3409 supra
803 3371 845 3399 α.
871 3357 966 3400 782.
1082 3357 1126 3408 3)
1160 3359 1279 3398 Amz.
1303 3357 1471 3398 Lama:
1511 3355 1746 3397 occurrisse
1772 3355 1811 3396 ei
1833 3353 1992 3406 Kagan
2018 3364 2113 3393 cum

253 3409 410 3451 ceteris
442 3410 756 3462 obtimatibus,
801 3425 930 3467 quem
962 3411 1050 3454 sibi
1081 3411 1246 3454 Avares
1277 3414 1377 3465 post
1406 3410 1762 3454 interfectionem
1793 3409 1985 3463 priorum
2019 3421 2113 3449 con-

254 3465 507 3508 stituerunt.
622 3468 664 3518 4)
697 3467 855 3510 Zatum
886 3470 1007 3511 Ann.
1031 3469 1176 3511 Laur.
1293 3468 1336 3519 ὃ)
1369 3467 1602 3510 Haduloha
1637 3471 1752 3509 Ann.
1780 3468 1922 3508 Laur.
