2491 3724
678 187 1004 231 REGINONIS
1036 186 1394 232 CHRONICON.
1455 187 1507 231 A.
1534 190 1628 232 755.
2031 195 2086 236 45

225 314 279 357 ad
309 314 526 368 optimum
558 316 603 356 et
633 315 775 357 sancti
806 314 930 357 Petri
959 314 1132 357 fidelem
1165 314 1369 358 domnum
1401 315 1640 369 Pippinum
1672 314 2084 359 christianissimum

223 384 372 424 regem
409 371 456 412 in
488 370 720 413 Franciam
751 372 870 422 veni,
908 371 985 413 ubi
1017 372 1243 424 aegrotavi
1273 385 1408 426 usque
1447 371 1501 413 ad
1532 373 1719 414 mortem
1758 375 1803 415 et
1834 374 1974 414 mansi
2007 374 2085 414 311-

224 426 368 483 quod⁸
397 429 571 480 tempus
610 426 724 480 apud
754 441 919 481 pagum
951 426 1220 469 Parisiacum
1259 428 1304 469 in
1334 427 1577 470 venerabili
1608 428 1872 470 monasterio
1911 430 2086 470 sancti

222 483 429 538 martyris
460 483 692 525 Dionisiib.
755 483 846 535 Quo
878 497 976 526 cum
1006 484 1094 525 iam
1126 492 1226 525 mec
1257 483 1416 526 medici
1447 483 1742 537 desperarent,
1774 484 1839 526 fui
1870 485 2011 526 sicut
2042 486 2085 526 in

222 540 417 582 oratione
459 540 506 581 in
549 540 731 582 ecclesia
769 539 963 582 eiusdem
1001 539 1123 581 beati
1161 540 1368 594 martyris
1407 539 1560 582 subtus
1603 540 1868 593 campanas‘l
1909 546 1954 582 et
1996 541 2086 583 vidi

223 598 326 638 ante
359 596 498 638 altare
529 595 735 638 domnum
759 596 940 638 Petrum
973 598 1018 637 et
1047 595 1309 649 magistrum
1344 596 1545 649 gentium
1577 596 1783 638 domnum
1810 597 2010 643 Paulum,
2044 603 2087 639 et

1 662 19 680 *
35 673 76 703 p.
94 661 156 694 556
166 663 197 694 b.
222 655 355 694 notae
378 654 525 694 mente
549 653 648 694 illos
671 652 902 706 recognovi
926 650 1006 693 *de
1036 651 1212 693 illorum
1237 652 1454 701 surcariis,
1488 655 1533 693 et
1555 652 1648 694 terf
1676 652 1856 694 beatum
1881 652 2086 695 domnum

221 708 470 751 Dionisium
513 708 569 750 ad
606 708 828 750 dexteram
870 707 1019 750 domni
1049 706 1175 748 Petri
1221 707 1430 749 subtilem
1470 715 1514 750 et
1551 709 1805 764 longiorem.
1878 710 2086 764 Dixitque

221 764 357 806 bonus
388 766 538 817 pastor
569 763 750 806 domnus
781 764 960 806 Petrus:
995 763 1098 804 ‘Hic
1128 762 1268 805 frater
1298 766 1443 806 noster
1473 765 1671 817 postulat
1702 766 1975 807 sanitatem'.
2030 767 2088 808 Et

223 820 335 863 dixit
364 820 520 862 beatus
549 819 732 863 Paulus:
769 819 922 862 ‘Modo
951 818 1215 861 sanabitur'.
1276 819 1337 861 Et
1368 819 1722 876 adpropinquans
1754 822 1878 864 misit
1908 836 2087 864 manum

222 890 346 919 suam
391 876 445 918 ad
490 879 642 930 pectus
687 876 836 919 domni
882 876 1073 918 Dionisii
1121 875 1418 918 amicabiliter
1463 878 1739 932 respexitque
1783 878 1844 920 ad·
1881 878 2086 921 domnum

221 933 404 975 Petrum
416 948 426 982 ;
463 935 508 974 et
538 931 650 974 dixit
682 932 864 975 domnus
900 933 1053 974 Petrus
1093 931 1148 974 ad
1179 931 1385 974 domnum
1416 932 1664 975 Dionisium
1703 934 1925 977 hilariter:
1973 935 2088 977 ‘Tua

222 989 370 1043 gratia
401 991 467 1031 est
497 989 665 1031 sanitas
697 989 821 1031 eius'.
889 989 948 1031 Et
978 988 1135 1031 statim
1166 988 1321 1031 beatus
1353 989 1576 1032 Dionisius
1614 991 1891 1033 turibulum&
1920 992 2087 1034 incensi

222 1049 266 1088 et
288 1045 484 1098 palmam
508 1046 556 1087 in
578 1059 711 1087 manu
734 1048 886 1088 tenens
911 1059 1006 1087 cum
1028 1044 1271 1098 presbitero
1294 1048 1338 1087 et
1359 1045 1552 1094 diacono,
1585 1048 1660 1101 qui
1679 1047 1725 1089 in
1744 1051 1870 1101 parte
1891 1048 2086 1090 stabant.

221 1102 343 1144 venit
381 1101 436 1143 ad
472 1115 542 1144 me
585 1105 629 1144 et
666 1101 778 1144 dixit
816 1101 978 1144 mihih:
1023 1100 1133 1143 ‘Pax
1163 1105 1320 1151 tecum,
1353 1101 1504 1151 frater,
1544 1104 1634 1146 noli
1664 1104 1840 1146 timere:
1883 1118 1968 1146 non
2000 1118 2087 1147 mo-

222 1157 388 1209 rieris&
428 1157 562 1201 donec
601 1157 656 1200 ad
694 1158 841 1200 sedem
878 1161 1001 1200 tuam
1038 1171 1242 1211 prospere
1282 1159 1528 1200 revertaris.
1597 1159 1735 1213 Surge
1767 1174 1896 1202 sanus
1935 1164 1978 1202 et
2009 1160 2087 1203 hoc

224 1215 366 1256 altare
403 1214 450 1256 in
487 1215 648 1258 honore
684 1215 768 1257 Dei
806 1216 851 1256 et
889 1214 1183 1267 apostolorum
1223 1214 1347 1257 eiusk
1385 1214 1509 1257 Petri
1548 1218 1591 1257 et
1630 1215 1770 1264 Pauli,
1811 1231 1914 1271 quos
1953 1216 2086 1263 vides,

222 1270 388 1320 dedica,
421 1272 576 1313 missas
609 1272 854 1325 gratiarum
887 1270 1055 1324 agens'.
1115 1270 1300 1326 Moxque
1330 1284 1460 1312 sanus
1490 1272 1631 1314 factus
1664 1286 1772 1314 sum
1805 1276 1856 1315 et
1886 1273 2086 1315 volebam

223 1327 421 1380 implere,
462 1328 576 1382 quod
613 1328 724 1369 mihi
754 1330 1010 1380 preceptum
1042 1329 1156 1377 erat;
1196 1331 1240 1368 et
1271 1326 1489 1376 dicebant,
1531 1329 1605 1382 qui
1635 1328 1698 1370 ibi
1731 1328 1932 1378 aderant,
1974 1329 2087 1384 quod

224 1383 547 1426 dementabam.
609 1382 883 1437 Quapropter
905 1383 1041 1425 retuli
1063 1383 1155 1425 illis
1181 1385 1226 1425 et
1249 1384 1347 1437 regi
1370 1384 1544 1438 suisque
1577 1384 1817 1426 omnibus
1851 1399 1899 1427 ex
1924 1385 2088 1429 ordine.

224 1453 334 1494 quae
364 1439 559 1481 videram
592 1443 638 1482 et
669 1439 880 1494 quomodo
911 1439 1112 1481 sanatusl
1142 1438 1316 1488 fuerim,
1349 1442 1394 1482 et
1423 1440 1618 1493 implevi,
1652 1449 1799 1495 quaem
1837 1442 1955 1483 iussa
1986 1445 2088 1483 sunt

222 1495 346 1542 1111111,
378 1496 557 1538 01111113’.
619 1495 756 1538 Gesta
787 1498 889 1537 sunt
920 1498 1068 1537 autem
1097 1495 1205 1537 11366
1237 1509 1348 1538 311110
1379 1496 1433 1538 ab
1459 1496 1624 1538 incarn.
1650 1497 1827 1540 Domini
1852 1496 2086 1540 DCCLIII.

222 1552 272 1594 V.
307 1551 406 1593 Kal.
444 1552 579 1607 Aug.‚
623 1562 740 1607 quon
778 1550 946 1594 Christi
982 1552 1211 1594 roboratus
1252 1552 1417 1595 virtute
1458 1553 1575 1595 inter
1612 1553 1953 1596 celebrationem
1992 1568 2088 1597 con-

223 1608 479 1651 secrationis
521 1608 685 1662 prefati
727 1609 882 1651 altaris
920 1611 965 1651 et
1002 1607 1270 1651 oblationem
1309 1609 1512 1651 sacrificii
1550 1611 1676 1652 unxit
1713 1610 1759 1652 in
1796 1625 1920 1665 reges
1954 1611 2088 1653 Fran-

220 1678 366 1706 corum
405 1678 556 1719 regem
592 1664 831 1719 Pippinum
871 1666 916 1707 et
955 1664 1059 1707 duos
1098 1665 1212 1707 filios
1252 1665 1344 1707 eius
1374 1665 1588 1708 Karolum
1629 1669 1673 1708 et
1704 1665 2086 1710 Car101nannum0.

221 1720 306 1763 Sed
336 1724 381 1763 et
410 1721 675 1764 Bertradam
708 1722 937 1776 coniugem
969 1721 1106 1774 ipsius
1137 1721 1254 1776 regis
1285 1721 1486 1764 indutam
1512 1722 1751 1765 cicladibus
1782 1724 1916 1777 regiis
1942 1724 2088 1778 gratia

221 1777 413 1831 Spiritus
445 1779 588 1820 sancti
619 1777 888 1832 septiformis
921 1778 1199 1831 consignavit
1228 1778 1275 1820 in
1305 1778 1389 1820 Dei
1420 1779 1614 1828 nomine3
1658 1782 1790 1835 atque
1823 1781 2086 1822 Francorum

221 1843 450 1887 proceresp
493 1835 735 1888 apostolica
771 1834 1078 1877 benedictione
1121 1834 1400 1877 sanctificans
1439 1836 1705 1878 auctoritate
1747 1837 1923 1879 sancti
1965 1837 2088 1878 Petri

221 1890 308 1932 sibi
339 1904 364 1932 a
394 1889 568 1934 Christo
598 1891 766 1934 tradita
796 1891 1016 1945 obligavit
1048 1893 1093 1933 et
1122 1891 1370 1933 obtestatus
1403 1894 1488 1941 est,
1528 1894 1578 1934 ut
1608 1906 1830 1947 nunquam
1863 1893 1915 1935 de
1947 1893 2089 1936 altera

221 1947 358 2000 stirpe
401 1961 479 2000 per
519 1947 845 1990 succedentium
883 1952 1130 2000 temporum
1169 1948 1385 1990 curricula
1422 1948 1507 2001 ipsi
1544 1949 1614 1991 vel
1652 1950 1812 2004 quique
1853 1963 1902 1992 ex
1940 1963 2087 1992 eorum

220 2004 429 2057 progenie
460 2005 547 2046 orti
578 2017 728 2058 regem
760 2017 890 2057 super
919 2017 963 2045 se
993 2006 1250 2057 presumant
1281 2004 1428 2058 aliquo
1459 2004 1586 2047 modo
1610 2007 1886 2048 constituere.
1919 2006 2004 2047 nisi
2036 2005 2088 2048 de

221 2073 367 2101 eorum
391 2060 614 2114 progenie,
647 2074 752 2115 quos
776 2063 821 2103 et
844 2060 994 2102 divina
1017 2059 1294 2113 providentia
1318 2060 1373 2102 ad
1398 2060 1544 2103 sedem
1567 2062 1854 2115 apostolicam
1878 2061 2088 2104 tuendam

222 2115 386 2170 eligere
425 2119 470 2159 et
506 2130 584 2170 per
620 2130 741 2166 eum,
782 2116 990 2159 videlicet
1028 2117 1171 2159 sancti
1201 2117 1326 2159 Petri
1356 2117 1588 2167 vicarium,
1628 2118 1762 2161 immo
1794 2118 1959 2161 domini
1990 2118 2089 2160 Iesu

221 2169 399 2224 Christi,
438 2173 486 2215 in
520 2175 790 2227 potestatem
828 2174 999 2227 regiam
1031 2172 1219 2227 dignata
1256 2175 1323 2216 est
1352 2173 1590 2217 sublimare
1630 2177 1674 2217 et
1703 2176 1908 2218 unctione
1948 2188 2089 2217 sacra-

220 2228 395 2272 tissima
425 2243 687 2272 consecrare.

362 2298 491 2349 Hisq
513 2298 840 2365 interpositis
873 2298 942 2349 ad
975 2297 1278 2349 chronicam
1309 2298 1607 2352 redeamus
1671 2298 1801 2351 Cum
1833 2301 2089 2366 Pippinus

221 2386 329 2431 rex,
375 2376 436 2419 ut
482 2386 644 2435 supra
682 2386 989 2434 expressum
1027 2374 1120 2431 est,
1168 2368 1379 2420 Italiam
1420 2371 1690 2436 ingressus
1730 2379 1892 2434 esset,
1940 2377 2086 2422 Carlo-
2110 2392 2204 2422 Anu.
2229 2391 2343 2422 Laur.

221 2453 406 2482 mannus
447 2440 685 2483 monachus
715 2440 888 2483 Vienna
930 2440 1111 2482 civitate
1152 2441 1367 2483 remansit
1407 2455 1495 2484 una
1533 2455 1629 2484 cum
1667 2441 1884 2485 Bertrada
1921 2443 2088 2496 regina.

220 2496 342 2538 ubir
379 2496 640 2551 languore
679 2499 959 2550 correptus
999 2496 1137 2539 diem
1176 2497 1382 2540 clausit
1422 2500 1728 2540 extremum.

364 2565 513 2608 Anno
546 2564 848 2608 dominicae
879 2567 1282 2609 incarnationis
1313 2565 1567 2617 DCCLV.1‚
1615 2581 1711 2610 cum
1744 2567 1955 2610 audisset
1987 2568 2089 2621 Pip-

220 2620 350 2674 pinus
381 2634 467 2671 rex,
507 2634 559 2664 ea
588 2635 674 2663 non
706 2635 797 2664 esse
826 2636 942 2673 vera,
983 2636 1116 2678 quae
1148 2623 1493 2666 Haistulfuss
1523 2624 1787 2677 promiserat
1818 2624 1870 2666 de
1901 2624 2089 2666 iusticiis

222 2677 364 2720 sancti
395 2677 533 2728 Petri,
572 2677 736 2719 iterum
766 2677 995 2721 Italiam
1032 2679 1312 2732 ingressus
1343 2679 1531 2733 Papiam
1562 2679 1747 2722 obsedit.
1787 2680 2091 2722 Haistulfumt

222 2733 502 2777 obsidione
533 2733 706 2776 cinxit
736 2737 819 2776 etu
855 2748 1064 2777 rursum
1094 2735 1147 2777 de
1177 2736 1364 2777 iusticiis
1395 2737 1539 2778 sancti
1569 2735 1691 2778 Petri
1730 2735 2090 2778 firmitatemv

223 2789 396 2840 dedit,
434 2793 485 2832 ut
521 2790 707 2833 stabiles
737 2793 1071 2843 permanerent3
1110 2794 1155 2834 et
1184 2791 1362 2845 insuper
1391 2792 1647 2835 Ravennam
1688 2805 1784 2834 cum
1817 2792 2048 2845 Pentapoli
2061 2800 2089 2820 w

223 2848 268 2889 et
308 2847 427 2889 omni
469 2846 682 2889 Exareato
722 2847 988 2902 conquisivit
1030 2850 1074 2890 et
1113 2851 1266 2890 sancto
1304 2847 1438 2890 Petro
1475 2848 1677 2891 tradidit.
1749 2847 1870 2891 Cum
1915 2852 2088 2891 autem

221 2922 417 2951 reversus
449 2923 471 2951 e
480 2923 499 2951 s
510 2923 528 2951 s
540 2922 561 2952 e
571 2912 592 2952 t
613 2909 828 2963 Pippinus
860 2923 932 2953 rex
965 2904 1017 2952 in
1050 2903 1186 2952 Fran
1193 2903 1328 2953 ciam
1337 2913 1374 2963 Χ,
1407 2924 1450 2953 111
1462 2924 1483 2953 6
1495 2910 1575 2953 dit
1587 2924 1612 2953 a
1621 2911 1648 2952 b
1663 2924 1687 2953 a
1696 2913 1716 2953 t
1725 2925 1752 2953 u
1763 2926 1783 2953 r
1814 2911 2091 2965 supradictus

221 2972 506 3015 Haistulfus‡›⁷
545 2986 604 3016 ea
633 2972 871 3023 fallere-2,
912 2986 1022 3028 quae
1063 2974 1400 3026 promiserat.
1469 2972 1669 3025 Quadam
1700 2988 1820 3017 vero
1852 2973 1937 3022 die,
1977 2987 2089 3016 cum

221 3029 610 3072 venationibus
649 3030 967 3080 inserviret,
1006 3043 1234 3084 percussus
1273 3033 1341 3073 est
1371 3030 1454 3073 Dei
1492 3029 1656 3073 iudicio
1694 3032 1940 3085 vitamque
1980 3043 2090 3072 611111

223 3152 258 3191 a)
283 3154 421 3193 aliquot
443 3153 474 3184 A
489 3155 525 3186 2.
547 3155 579 3185 Β
595 3156 626 3186 1.
651 3155 688 3192 2;
724 3163 788 3193 per
811 3155 858 3186 al.
882 3155 913 3186 A
929 3157 961 3187 2.
1029 3154 1066 3196 b)
1090 3155 1245 3193 dyonisii
1268 3156 1298 3186 A
1315 3157 1345 3186 2.
1371 3157 1403 3186 Β
1419 3157 1449 3187 2.
1519 3160 1552 3190 c.)
1576 3155 1667 3186 deest
1689 3156 1719 3186 A
1737 3157 1767 3187 2.
1794 3156 1824 3186 Β
1840 3156 1870 3186 2.
1941 3153 1977 3193 d)
2001 3162 2092 3185 cam-

222 3204 334 3234 panes
357 3196 388 3226 Β
405 3199 436 3227 1.
525 3196 560 3238 e)
581 3200 654 3228 tota
677 3196 707 3227 A
724 3198 756 3228 3.
844 3196 874 3236 f)
895 3198 1043 3230 tertium
1065 3198 1097 3229 Β
1112 3199 1145 3230 3.
1231 3198 1270 3237 g)
1291 3199 1510 3229 turribulum
1534 3199 1564 3228 A
1582 3203 1611 3228 1.
1638 3199 1670 3229 Β
1686 3201 1717 3228 2.
1805 3197 1843 3237 h)
1866 3197 1910 3228 ad
1933 3205 1989 3227 me
2013 3198 2045 3227 Β
2062 3199 2090 3227 ·.’.

222 3239 250 3275 i)
278 3238 436 3268 moriens
462 3239 494 3269 Β
511 3239 543 3270 2.
631 3237 670 3277 k)
700 3239 792 3270 deest
814 3240 846 3270 Β
862 3241 895 3272 2.
982 3240 1012 3281 1)
1044 3249 1154 3272 sanus
1177 3241 1208 3271 A
1224 3242 1255 3273 2.
1281 3242 1313 3272 Β
1330 3242 1361 3271 1.
1449 3242 1498 3279 111)
1527 3241 1655 3279 omnia,
1677 3249 1768 3279 quae
1793 3241 1817 3270 i.
1844 3248 1872 3271 5.
1898 3240 1987 3270 mihi
2012 3240 2042 3268 A
2058 3241 2088 3268 2.

223 3279 261 3319 n)
284 3288 354 3318 quo
377 3280 435 3311 die
459 3281 490 3311 A
505 3282 536 3313 3.
595 3280 631 3321 o)
651 3281 813 3312 Karlom.
837 3282 868 3312 A
884 3284 916 3314 2.
941 3284 972 3314 3.
1037 3284 1074 3322 p)
1097 3284 1277 3322 principes
1301 3283 1331 3314 A
1348 3284 1379 3314 3.
1441 3282 1477 3322 q)
1502 3283 1571 3314 His
1587 3300 1627 3305 —-
1644 3287 1842 3314 extremum
1865 3282 1988 3312 desunt
2011 3281 2041 3310 A
2057 3282 2087 3310 3.

223 3321 256 3360 r)
285 3322 375 3353 deest
396 3323 427 3353 A
443 3324 475 3353 2.
579 3322 610 3363 5)
639 3323 822 3362 istulphus
844 3325 876 3355 B
892 3326 924 3355 2.
1014 3325 1042 3364 t)
1072 3324 1260 3356 aistulfum
1285 3326 1317 3356 B
1334 3328 1362 3356 1.
1388 3326 1420 3356 2.
1521 3326 1557 3365 11)
1585 3328 1623 3356 et
1639 3342 1678 3346 —
1695 3325 1840 3356 tradidit
1863 3324 1988 3355 desunt
2011 3323 2040 3352 A
2057 3324 2087 3352 3.

224 3364 262 3403 v)
285 3364 384 3394 dedit
405 3364 500 3396 firm.
526 3365 557 3396 A
572 3366 605 3396 2.
661 3365 710 3405 w)
732 3367 873 3405 neapoli
895 3367 927 3397 A
943 3367 979 3406 2;
1013 3376 1089 3400 rav,
1113 3368 1334 3407 pentapolim
1359 3371 1394 3398 et
1416 3367 1448 3397 B
1464 3368 1496 3398 3.
1553 3369 1594 3407 x)
1614 3368 1782 3398 frantiam
1806 3368 1849 3397 Β.
1910 3364 1948 3404 y)
1970 3365 2092 3396 aistul-

225 3405 284 3436 fus
307 3406 341 3437 Β
355 3407 388 3438 2.
475 3406 513 3447 z)
534 3406 701 3440 fefellere
726 3408 757 3438 A
771 3409 803 3439 2.

227 3489 268 3542 1)
301 3490 424 3534 Ann.
455 3493 599 3534 Laur.
629 3505 671 3535 a.
695 3491 791 3535 756.
