<?xml version="1.0" encoding="UTF-8"?>
<!DOCTYPE html PUBLIC "-//W3C//DTD XHTML 1.0 Transitional//EN"
    "http://www.w3.org/TR/xhtml1/DTD/xhtml1-transitional.dtd">
<html xmlns="http://www.w3.org/1999/xhtml" xml:lang="en" lang="en">
 <head>
  <title>
</title>
<meta http-equiv="Content-Type" content="text/html;charset=utf-8" />
  <meta name='ocr-system' content='tesseract 3.04.00' />
  <meta name='ocr-capabilities' content='ocr_page ocr_carea ocr_par ocr_line ocrx_word'/>
</head>
<body>
  <div class='ocr_page' id='page_1' title='image "./reginonisabbatis00regiuoft_0059.png"; bbox 0 0 2491 3724; ppageno 0'>
   <div class='ocr_carea' id='block_1_1' title="bbox 0 2881 210 2925">
    <p class='ocr_par' dir='ltr' id='par_1_1' title="bbox 0 2881 210 2925">
     <span class='ocr_line' id='line_1_1' title="bbox 0 2881 210 2925; baseline -0.014 -5"><span class='ocrx_word' id='word_1_1' title='bbox 0 2881 36 2903; x_wconf 72' lang='lat'><strong>&#39;⁴‘</strong></span> <span class='ocrx_word' id='word_1_2' title='bbox 57 2896 94 2925; x_wconf 78' lang='lat' dir='ltr'><strong>p.</strong></span> <span class='ocrx_word' id='word_1_3' title='bbox 110 2887 210 2919; x_wconf 65' lang='grc'><strong>55311.</strong></span> 
     </span>
    </p>
   </div>
   <div class='ocr_carea' id='block_1_2' title="bbox 609 181 2094 227">
    <p class='ocr_par' dir='ltr' id='par_1_2' title="bbox 609 181 2094 227">
     <span class='ocr_line' id='line_1_2' title="bbox 609 181 2094 227; baseline 0.002 -3"><span class='ocrx_word' id='word_1_4' title='bbox 609 182 935 226; x_wconf 84' lang='lat' dir='ltr'><strong>REGINONIS</strong></span> <span class='ocrx_word' id='word_1_5' title='bbox 966 181 1325 227; x_wconf 87' lang='lat' dir='ltr'><strong>CHRONICON.</strong></span> <span class='ocrx_word' id='word_1_6' title='bbox 1387 182 1439 225; x_wconf 89' lang='lat' dir='ltr'><strong>A.</strong></span> <span class='ocrx_word' id='word_1_7' title='bbox 1464 183 1714 226; x_wconf 81' lang='lat'><strong>648—653.</strong></span> <span class='ocrx_word' id='word_1_8' title='bbox 2040 185 2094 227; x_wconf 87' lang='grc'><strong>35</strong></span> 
     </span>
    </p>
   </div>
   <div class='ocr_carea' id='block_1_3' title="bbox 229 307 2345 699">
    <p class='ocr_par' dir='ltr' id='par_1_3' title="bbox 229 307 2345 699">
     <span class='ocr_line' id='line_1_3' title="bbox 372 307 2345 364; baseline 0.001 -14"><span class='ocrx_word' id='word_1_9' title='bbox 372 309 532 350; x_wconf 78' lang='lat' dir='ltr'><strong>Duma</strong></span> <span class='ocrx_word' id='word_1_10' title='bbox 555 309 681 351; x_wconf 88' lang='lat' dir='ltr'><strong>haec</strong></span> <span class='ocrx_word' id='word_1_11' title='bbox 712 309 766 351; x_wconf 92' lang='lat' dir='ltr'><strong>in</strong></span> <span class='ocrx_word' id='word_1_12' title='bbox 797 310 1004 353; x_wconf 92' lang='lat' dir='ltr'><strong>oriente</strong></span> <span class='ocrx_word' id='word_1_13' title='bbox 1037 312 1291 364; x_wconf 85' lang='lat' dir='ltr'><strong>aguntur,</strong></span> <span class='ocrx_word' id='word_1_14' title='bbox 1324 307 1644 357; x_wconf 80' lang='lat' dir='ltr'><strong>Ansbrandus,</strong></span> <span class='ocrx_word' id='word_1_15' title='bbox 1678 308 1767 363; x_wconf 88' lang='lat' dir='ltr'><strong>qui</strong></span> <span class='ocrx_word' id='word_1_16' title='bbox 1799 307 1914 361; x_wconf 81' lang='lat' dir='ltr'><strong>apud</strong></span> <span class='ocrx_word' id='word_1_17' title='bbox 1938 308 2092 351; x_wconf 85' lang='lat' dir='ltr'><strong>Baioa-</strong></span> <span class='ocrx_word' id='word_1_18' title='bbox 2117 316 2345 354; x_wconf 73' lang='lat' dir='ltr'><strong>P.D.VI‚35.</strong></span> 
     </span>
     <span class='ocr_line' id='line_1_4' title="bbox 230 364 2092 418; baseline 0.001 -11"><span class='ocrx_word' id='word_1_19' title='bbox 230 364 374 407; x_wconf 81' lang='lat' dir='ltr'><strong>riamb</strong></span> <span class='ocrx_word' id='word_1_20' title='bbox 403 364 542 408; x_wconf 90' lang='lat' dir='ltr'><strong>VIIII</strong></span> <span class='ocrx_word' id='word_1_21' title='bbox 573 366 859 409; x_wconf 84' lang='lat' dir='ltr'><strong>exulaverat</strong></span> <span class='ocrx_word' id='word_1_22' title='bbox 889 380 1056 416; x_wconf 88' lang='lat' dir='ltr'><strong>annos,</strong></span> <span class='ocrx_word' id='word_1_23' title='bbox 1096 379 1207 408; x_wconf 91' lang='lat' dir='ltr'><strong>cum</strong></span> <span class='ocrx_word' id='word_1_24' title='bbox 1238 365 1476 408; x_wconf 89' lang='lat' dir='ltr'><strong>Baioariis</strong></span> <span class='ocrx_word' id='word_1_25' title='bbox 1500 364 1684 407; x_wconf 89' lang='lat' dir='ltr'><strong>Italiam</strong></span> <span class='ocrx_word' id='word_1_26' title='bbox 1715 364 1837 406; x_wconf 79' lang='lat' dir='ltr'><strong>venit</strong></span> <span class='ocrx_word' id='word_1_27' title='bbox 1860 366 2092 418; x_wconf 82' lang='lat' dir='ltr'><strong>pugnavit-</strong></span> 
     </span>
     <span class='ocr_line' id='line_1_5' title="bbox 230 420 2094 478; baseline -0.001 -15"><span class='ocrx_word' id='word_1_28' title='bbox 230 435 313 476; x_wconf 85' lang='lat' dir='ltr'><strong>que</strong></span> <span class='ocrx_word' id='word_1_29' title='bbox 356 434 452 464; x_wconf 92' lang='lat' dir='ltr'><strong>cum</strong></span> <span class='ocrx_word' id='word_1_30' title='bbox 495 422 765 465; x_wconf 83' lang='lat' dir='ltr'><strong>Heribertoo</strong></span> <span class='ocrx_word' id='word_1_31' title='bbox 806 436 930 478; x_wconf 88' lang='lat' dir='ltr'><strong>rege</strong></span> <span class='ocrx_word' id='word_1_32' title='bbox 973 435 1192 477; x_wconf 88' lang='lat' dir='ltr'><strong>eumque</strong></span> <span class='ocrx_word' id='word_1_33' title='bbox 1234 422 1390 470; x_wconf 81' lang='lat' dir='ltr'><strong>vicit3</strong></span> <span class='ocrx_word' id='word_1_34' title='bbox 1433 421 1509 476; x_wconf 88' lang='lat' dir='ltr'><strong>qui</strong></span> <span class='ocrx_word' id='word_1_35' title='bbox 1551 420 1654 462; x_wconf 92' lang='lat' dir='ltr'><strong>dum</strong></span> <span class='ocrx_word' id='word_1_36' title='bbox 1691 420 1746 462; x_wconf 91' lang='lat' dir='ltr'><strong>in</strong></span> <span class='ocrx_word' id='word_1_37' title='bbox 1783 420 2094 462; x_wconf 77' lang='lat' dir='ltr'><strong>Franciamd</strong></span> 
     </span>
     <span class='ocr_line' id='line_1_6' title="bbox 231 477 2094 532; baseline -0.001 -13"><span class='ocrx_word' id='word_1_38' title='bbox 231 478 420 532; x_wconf 83' lang='lat' dir='ltr'><strong>fugere</strong></span> <span class='ocrx_word' id='word_1_39' title='bbox 461 477 652 528; x_wconf 87' lang='lat' dir='ltr'><strong>vellet,</strong></span> <span class='ocrx_word' id='word_1_40' title='bbox 697 477 900 521; x_wconf 87' lang='lat' dir='ltr'>Ticinum</span> <span class='ocrx_word' id='word_1_41' title='bbox 944 479 1125 520; x_wconf 90' lang='lat' dir='ltr'><strong>fluvium</strong></span> <span class='ocrx_word' id='word_1_42' title='bbox 1162 478 1440 532; x_wconf 88' lang='lat' dir='ltr'><strong>ingressus</strong></span> <span class='ocrx_word' id='word_1_43' title='bbox 1481 490 1593 520; x_wconf 88' lang='lat' dir='ltr'><strong>eum</strong></span> <span class='ocrx_word' id='word_1_44' title='bbox 1633 489 1742 518; x_wconf 91' lang='lat' dir='ltr'><strong>cum</strong></span> <span class='ocrx_word' id='word_1_45' title='bbox 1784 489 1915 531; x_wconf 88' lang='lat' dir='ltr'><strong>equo</strong></span> <span class='ocrx_word' id='word_1_46' title='bbox 1952 482 2094 519; x_wconf 81' lang='lat' dir='ltr'><strong>trans-</strong></span> 
     </span>
     <span class='ocr_line' id='line_1_7' title="bbox 230 532 2094 589; baseline -0.001 -13"><span class='ocrx_word' id='word_1_47' title='bbox 230 537 384 576; x_wconf 78' lang='lat' dir='ltr'>natare</span> <span class='ocrx_word' id='word_1_48' title='bbox 427 536 647 577; x_wconf 88' lang='lat' dir='ltr'><strong>conatus</strong></span> <span class='ocrx_word' id='word_1_49' title='bbox 691 538 790 585; x_wconf 90' lang='lat' dir='ltr'><strong>est,</strong></span> <span class='ocrx_word' id='word_1_50' title='bbox 834 534 925 578; x_wconf 84' lang='lat' dir='ltr'><strong>sed</strong></span> <span class='ocrx_word' id='word_1_51' title='bbox 968 535 1092 589; x_wconf 88' lang='lat' dir='ltr'><strong>quia</strong></span> <span class='ocrx_word' id='word_1_52' title='bbox 1134 547 1238 576; x_wconf 89' lang='lat' dir='ltr'><strong>auro</strong></span> <span class='ocrx_word' id='word_1_53' title='bbox 1268 535 1478 587; x_wconf 87' lang='lat' dir='ltr'><strong>gravatus</strong></span> <span class='ocrx_word' id='word_1_54' title='bbox 1518 535 1653 582; x_wconf 83' lang='lat' dir='ltr'><strong>erat,</strong></span> <span class='ocrx_word' id='word_1_55' title='bbox 1698 533 1822 588; x_wconf 86' lang='lat' dir='ltr'><strong>aquis</strong></span> <span class='ocrx_word' id='word_1_56' title='bbox 1861 532 2094 576; x_wconf 77' lang='lat' dir='ltr'><strong>suffocatus</strong></span> 
     </span>
     <span class='ocr_line' id='line_1_8' title="bbox 231 588 2094 644; baseline -0.001 -11"><span class='ocrx_word' id='word_1_57' title='bbox 231 590 448 633; x_wconf 83' lang='lat' dir='ltr'><strong>extinctus</strong></span> <span class='ocrx_word' id='word_1_58' title='bbox 473 593 551 633; x_wconf 86' lang='lat' dir='ltr'><strong>est.</strong></span> <span class='ocrx_word' id='word_1_59' title='bbox 612 591 898 633; x_wconf 88' lang='lat' dir='ltr'><strong>Ansbrandus</strong></span> <span class='ocrx_word' id='word_1_60' title='bbox 922 604 1108 644; x_wconf 89' lang='lat' dir='ltr'><strong>regnum</strong></span> <span class='ocrx_word' id='word_1_61' title='bbox 1139 589 1385 642; x_wconf 76' lang='lat' dir='ltr'>optinuit</span> <span class='ocrx_word' id='word_1_62' title='bbox 1414 591 1503 631; x_wconf 80' lang='lat' dir='ltr'><strong>tres</strong></span> <span class='ocrx_word' id='word_1_63' title='bbox 1534 588 1883 632; x_wconf 86' lang='lat' dir='ltr'><strong>tantummodo</strong></span> <span class='ocrx_word' id='word_1_64' title='bbox 1913 602 2094 632; x_wconf 85' lang='lat' dir='ltr'><strong>menses.</strong></span> 
     </span>
     <span class='ocr_line' id='line_1_9' title="bbox 229 645 2094 699; baseline -0.001 -10"><span class='ocrx_word' id='word_1_65' title='bbox 229 646 358 690; x_wconf 88' lang='lat' dir='ltr'><strong>Post</strong></span> <span class='ocrx_word' id='word_1_66' title='bbox 381 648 529 689; x_wconf 87' lang='lat' dir='ltr'><strong>cuius</strong></span> <span class='ocrx_word' id='word_1_67' title='bbox 546 648 807 690; x_wconf 77' lang='lat' dir='ltr'><strong>interitume</strong></span> <span class='ocrx_word' id='word_1_68' title='bbox 824 646 1137 689; x_wconf 89' lang='lat' dir='ltr'><strong>Liutbrandus</strong></span> <span class='ocrx_word' id='word_1_69' title='bbox 1160 645 1291 687; x_wconf 90' lang='lat' dir='ltr'><strong>filius</strong></span> <span class='ocrx_word' id='word_1_70' title='bbox 1316 646 1406 688; x_wconf 91' lang='lat' dir='ltr'><strong>eius</strong></span> <span class='ocrx_word' id='word_1_71' title='bbox 1423 645 1468 687; x_wconf 91' lang='lat' dir='ltr'><strong>in</strong></span> <span class='ocrx_word' id='word_1_72' title='bbox 1486 645 1629 699; x_wconf 89' lang='lat' dir='ltr'><strong>regali</strong></span> <span class='ocrx_word' id='word_1_73' title='bbox 1647 645 1959 687; x_wconf 74' lang='lat' dir='ltr'><strong>constituitur</strong></span> <span class='ocrx_word' id='word_1_74' title='bbox 1974 646 2094 689; x_wconf 90' lang='lat' dir='ltr'><strong>solio.</strong></span> 
     </span>
    </p>
   </div>
   <div class='ocr_carea' id='block_1_4' title="bbox 228 715 2327 997">
    <p class='ocr_par' dir='ltr' id='par_1_4' title="bbox 228 715 2327 997">
     <span class='ocr_line' id='line_1_10' title="bbox 374 715 2327 772; baseline 0 -13"><span class='ocrx_word' id='word_1_75' title='bbox 374 717 504 771; x_wconf 87' lang='lat' dir='ltr'>Apud</span> <span class='ocrx_word' id='word_1_76' title='bbox 542 717 807 759; x_wconf 83' lang='lat' dir='ltr'>Francorum</span> <span class='ocrx_word' id='word_1_77' title='bbox 847 729 1016 772; x_wconf 84' lang='lat' dir='ltr'><strong>quoque</strong></span> <span class='ocrx_word' id='word_1_78' title='bbox 1055 718 1235 770; x_wconf 82' lang='lat' dir='ltr'><strong>gentem</strong></span> <span class='ocrx_word' id='word_1_79' title='bbox 1266 715 1456 769; x_wconf 90' lang='lat' dir='ltr'><strong>Pippino</strong></span> <span class='ocrx_word' id='word_1_80' title='bbox 1493 716 1588 758; x_wconf 86' lang='lat' dir='ltr'><strong>vita</strong></span> <span class='ocrx_word' id='word_1_81' title='bbox 1619 718 1817 769; x_wconf 87' lang='lat' dir='ltr'><strong>exempto</strong></span> <span class='ocrx_word' id='word_1_82' title='bbox 1858 716 1949 758; x_wconf 90' lang='lat' dir='ltr'><strong>eius</strong></span> <span class='ocrx_word' id='word_1_83' title='bbox 1980 716 2096 759; x_wconf 85' lang='lat' dir='ltr'><strong>filius</strong></span> <span class='ocrx_word' id='word_1_84' title='bbox 2120 722 2169 752; x_wconf 85' lang='lat' dir='ltr'><strong>ib·</strong></span> <span class='ocrx_word' id='word_1_85' title='bbox 2189 721 2251 756; x_wconf 75' lang='lat' dir='ltr'><strong>VI.</strong></span> <span class='ocrx_word' id='word_1_86' title='bbox 2275 723 2327 752; x_wconf 69' lang='lat'><strong>4:²-</strong></span> 
     </span>
     <span class='ocr_line' id='line_1_11' title="bbox 230 772 2095 827; baseline 0 -11"><span class='ocrx_word' id='word_1_87' title='bbox 230 774 504 816; x_wconf 68' lang='lat' dir='ltr'><strong>Karolusin</strong></span> <span class='ocrx_word' id='word_1_88' title='bbox 534 774 848 827; x_wconf 89' lang='lat' dir='ltr'><strong>principatu</strong></span> <span class='ocrx_word' id='word_1_89' title='bbox 879 772 1162 822; x_wconf 88' lang='lat' dir='ltr'><strong>successit,</strong></span> <span class='ocrx_word' id='word_1_90' title='bbox 1202 772 1308 814; x_wconf 89' lang='lat' dir='ltr'><strong>licet</strong></span> <span class='ocrx_word' id='word_1_91' title='bbox 1337 785 1416 825; x_wconf 89' lang='lat' dir='ltr'><strong>per</strong></span> <span class='ocrx_word' id='word_1_92' title='bbox 1446 772 1589 814; x_wconf 86' lang='lat' dir='ltr'><strong>multa</strong></span> <span class='ocrx_word' id='word_1_93' title='bbox 1619 772 1740 815; x_wconf 90' lang='lat' dir='ltr'><strong>bella</strong></span> <span class='ocrx_word' id='word_1_94' title='bbox 1778 775 1823 815; x_wconf 92' lang='lat' dir='ltr'><strong>et</strong></span> <span class='ocrx_word' id='word_1_95' title='bbox 1855 774 2095 816; x_wconf 86' lang='lat' dir='ltr'><strong>certamina</strong></span> 
     </span>
     <span class='ocr_line' id='line_1_12' title="bbox 230 827 2095 883; baseline -0.001 -10"><span class='ocrx_word' id='word_1_96' title='bbox 230 830 283 872; x_wconf 87' lang='lat' dir='ltr'><strong>de</strong></span> <span class='ocrx_word' id='word_1_97' title='bbox 326 844 458 872; x_wconf 90' lang='lat' dir='ltr'><strong>manu</strong></span> <span class='ocrx_word' id='word_1_98' title='bbox 501 828 754 883; x_wconf 85' lang='lat' dir='ltr'><strong>Reginfridi</strong></span> <span class='ocrx_word' id='word_1_99' title='bbox 799 827 1018 871; x_wconf 89' lang='lat' dir='ltr'><strong>eundem</strong></span> <span class='ocrx_word' id='word_1_100' title='bbox 1062 828 1361 882; x_wconf 85' lang='lat' dir='ltr'><strong>principatum</strong></span> <span class='ocrx_word' id='word_1_101' title='bbox 1400 829 1671 871; x_wconf 82' lang='lat' dir='ltr'><strong>sustulerit.</strong></span> <span class='ocrx_word' id='word_1_102' title='bbox 1754 828 1870 871; x_wconf 85' lang='lat' dir='ltr'><strong>Nam</strong></span> <span class='ocrx_word' id='word_1_103' title='bbox 1913 843 2009 871; x_wconf 89' lang='lat' dir='ltr'><strong>cum</strong></span> <span class='ocrx_word' id='word_1_104' title='bbox 2051 830 2095 872; x_wconf 90' lang='lat' dir='ltr'><strong>in</strong></span> 
     </span>
     <span class='ocr_line' id='line_1_13' title="bbox 231 883 2096 941; baseline 0.001 -13"><span class='ocrx_word' id='word_1_105' title='bbox 231 886 428 929; x_wconf 89' lang='lat' dir='ltr'><strong>custodia</strong></span> <span class='ocrx_word' id='word_1_106' title='bbox 457 888 694 935; x_wconf 86' lang='lat' dir='ltr'><strong>teneretur,</strong></span> <span class='ocrx_word' id='word_1_107' title='bbox 727 884 875 928; x_wconf 85' lang='lat' dir='ltr'><strong>divino</strong></span> <span class='ocrx_word' id='word_1_108' title='bbox 905 888 1016 928; x_wconf 89' lang='lat' dir='ltr'><strong>nutu</strong></span> <span class='ocrx_word' id='word_1_109' title='bbox 1046 887 1221 938; x_wconf 88' lang='lat' dir='ltr'><strong>ereptus</strong></span> <span class='ocrx_word' id='word_1_110' title='bbox 1252 883 1428 939; x_wconf 81' lang='lat' dir='ltr'><strong>aufugit</strong></span> <span class='ocrx_word' id='word_1_111' title='bbox 1459 898 1507 927; x_wconf 89' lang='lat' dir='ltr'><strong>ac</strong></span> <span class='ocrx_word' id='word_1_112' title='bbox 1537 886 1728 939; x_wconf 88' lang='lat' dir='ltr'><strong>primum</strong></span> <span class='ocrx_word' id='word_1_113' title='bbox 1760 890 1911 928; x_wconf 88' lang='lat' dir='ltr'><strong>contra</strong></span> <span class='ocrx_word' id='word_1_114' title='bbox 1934 886 2096 941; x_wconf 86' lang='lat' dir='ltr'><strong>Regin-</strong></span> 
     </span>
     <span class='ocr_line' id='line_1_14' title="bbox 228 941 2097 997; baseline 0.001 -13"><span class='ocrx_word' id='word_1_115' title='bbox 228 942 391 984; x_wconf 82' lang='lat' dir='ltr'><strong>fridum</strong></span> <span class='ocrx_word' id='word_1_116' title='bbox 424 955 518 985; x_wconf 89' lang='lat' dir='ltr'><strong>cum</strong></span> <span class='ocrx_word' id='word_1_117' title='bbox 551 941 700 995; x_wconf 85' lang='lat' dir='ltr'><strong>paucis</strong></span> <span class='ocrx_word' id='word_1_118' title='bbox 731 941 801 984; x_wconf 90' lang='lat' dir='ltr'><strong>bis</strong></span> <span class='ocrx_word' id='word_1_119' title='bbox 831 944 985 996; x_wconf 86' lang='lat' dir='ltr'><strong>terque</strong></span> <span class='ocrx_word' id='word_1_120' title='bbox 1011 944 1232 984; x_wconf 88' lang='lat' dir='ltr'><strong>certamen</strong></span> <span class='ocrx_word' id='word_1_121' title='bbox 1257 941 1404 991; x_wconf 83' lang='lat' dir='ltr'><strong>iniitf,</strong></span> <span class='ocrx_word' id='word_1_122' title='bbox 1438 941 1499 983; x_wconf 89' lang='lat' dir='ltr'><strong>ad</strong></span> <span class='ocrx_word' id='word_1_123' title='bbox 1531 944 1819 985; x_wconf 81' lang='lat' dir='ltr'><strong>extremum</strong></span> <span class='ocrx_word' id='word_1_124' title='bbox 1851 956 1949 984; x_wconf 88' lang='lat' dir='ltr'><strong>eum</strong></span> <span class='ocrx_word' id='word_1_125' title='bbox 1982 943 2097 997; x_wconf 89' lang='lat' dir='ltr'><strong>apud</strong></span> 
     </span>
    </p>
   </div>
   <div class='ocr_carea' id='block_1_5' title="bbox 230 998 2095 1058">
    <p class='ocr_par' dir='ltr' id='par_1_5' title="bbox 230 998 2095 1058">
     <span class='ocr_line' id='line_1_15' title="bbox 230 998 2095 1058; baseline 0.001 -10"><span class='ocrx_word' id='word_1_126' title='bbox 230 1006 486 1048; x_wconf 90' lang='lat' dir='ltr'><strong>Vinciacum</strong></span> <span class='ocrx_word' id='word_1_127' title='bbox 525 1017 686 1058; x_wconf 84' lang='lat' dir='ltr'><strong>magno</strong></span> <span class='ocrx_word' id='word_1_128' title='bbox 725 1005 964 1048; x_wconf 86' lang='lat' dir='ltr'><strong>certamine</strong></span> <span class='ocrx_word' id='word_1_129' title='bbox 1002 1005 1239 1058; x_wconf 87' lang='lat' dir='ltr'><strong>superavit.</strong></span> <span class='ocrx_word' id='word_1_130' title='bbox 1307 1003 1388 1046; x_wconf 90' lang='lat' dir='ltr'><strong>Cui</strong></span> <span class='ocrx_word' id='word_1_131' title='bbox 1418 1006 1569 1047; x_wconf 89' lang='lat' dir='ltr'><strong>tamen</strong></span> <span class='ocrx_word' id='word_1_132' title='bbox 1599 1014 1777 1054; x_wconf 47' lang='lat' dir='ltr'><strong>unam&amp;</strong></span> <span class='ocrx_word' id='word_1_133' title='bbox 1811 1007 1865 1048; x_wconf 84' lang='lat' dir='ltr'><strong>ut</strong></span> <span class='ocrx_word' id='word_1_134' title='bbox 1902 998 2095 1057; x_wconf 73' lang='lat' dir='ltr'><strong>ferunt,</strong></span> 
     </span>
    </p>
   </div>
   <div class='ocr_carea' id='block_1_6' title="bbox 228 1067 2097 1180">
    <p class='ocr_par' dir='ltr' id='par_1_6' title="bbox 228 1067 2097 1180">
     <span class='ocr_line' id='line_1_16' title="bbox 228 1067 2097 1122; baseline 0.001 -12"><span class='ocrx_word' id='word_1_135' title='bbox 228 1069 308 1111; x_wconf 87' lang='lat' dir='ltr'><strong>hoc</strong></span> <span class='ocrx_word' id='word_1_136' title='bbox 341 1071 406 1112; x_wconf 89' lang='lat' dir='ltr'><strong>est</strong></span> <span class='ocrx_word' id='word_1_137' title='bbox 436 1067 801 1122; x_wconf 81' lang='lat' dir='ltr'><strong>Andegavensem</strong></span> <span class='ocrx_word' id='word_1_138' title='bbox 834 1068 1065 1111; x_wconf 84' lang='lat' dir='ltr'><strong>civitatem</strong></span> <span class='ocrx_word' id='word_1_139' title='bbox 1097 1068 1150 1111; x_wconf 87' lang='lat' dir='ltr'><strong>ad</strong></span> <span class='ocrx_word' id='word_1_140' title='bbox 1183 1067 1476 1111; x_wconf 87' lang='lat' dir='ltr'><strong>habitandum</strong></span> <span class='ocrx_word' id='word_1_141' title='bbox 1508 1069 1732 1119; x_wconf 83' lang='lat' dir='ltr'><strong>concessit,</strong></span> <span class='ocrx_word' id='word_1_142' title='bbox 1765 1072 1967 1112; x_wconf 88' lang='lat' dir='ltr'><strong>cunctam</strong></span> <span class='ocrx_word' id='word_1_143' title='bbox 1997 1083 2097 1113; x_wconf 78' lang='lat' dir='ltr'><strong>vero</strong></span> 
     </span>
     <span class='ocr_line' id='line_1_17' title="bbox 229 1123 1462 1180; baseline -0.001 -12"><span class='ocrx_word' id='word_1_144' title='bbox 229 1126 495 1168; x_wconf 85' lang='lat' dir='ltr'><strong>Francorum</strong></span> <span class='ocrx_word' id='word_1_145' title='bbox 527 1127 707 1180; x_wconf 87' lang='lat' dir='ltr'><strong>gentem</strong></span> <span class='ocrx_word' id='word_1_146' title='bbox 737 1124 864 1178; x_wconf 80' lang='lat' dir='ltr'><strong>ipseh</strong></span> <span class='ocrx_word' id='word_1_147' title='bbox 896 1123 1227 1180; x_wconf 86' lang='lat' dir='ltr'><strong>gubernandam</strong></span> <span class='ocrx_word' id='word_1_148' title='bbox 1259 1125 1462 1178; x_wconf 87' lang='lat' dir='ltr'><strong>suscepit.</strong></span> 
     </span>
    </p>
   </div>
   <div class='ocr_carea' id='block_1_7' title="bbox 991 1246 2352 1309">
    <p class='ocr_par' dir='ltr' id='par_1_7' title="bbox 991 1246 2352 1309">
     <span class='ocr_line' id='line_1_18' title="bbox 991 1246 2352 1309; baseline -0.004 -3"><span class='ocrx_word' id='word_1_149' title='bbox 991 1246 1340 1306; x_wconf 81' lang='lat'><strong>648-649.</strong></span> <span class='ocrx_word' id='word_1_150' title='bbox 2122 1269 2352 1309; x_wconf 45' lang='lat' dir='ltr'><strong>(nr-na</strong></span> 
     </span>
    </p>
   </div>
   <div class='ocr_carea' id='block_1_8' title="bbox 229 1347 2352 1814">
    <p class='ocr_par' dir='ltr' id='par_1_8' title="bbox 229 1347 2352 1814">
     <span class='ocr_line' id='line_1_19' title="bbox 373 1347 2228 1417; baseline -0.001 -18"><span class='ocrx_word' id='word_1_151' title='bbox 373 1350 520 1400; x_wconf 90' lang='lat' dir='ltr'><strong>Anno</strong></span> <span class='ocrx_word' id='word_1_152' title='bbox 573 1348 870 1400; x_wconf 88' lang='lat' dir='ltr'><strong>dominicae</strong></span> <span class='ocrx_word' id='word_1_153' title='bbox 923 1348 1306 1399; x_wconf 85' lang='lat' dir='ltr'><strong>incarnationis</strong></span> <span class='ocrx_word' id='word_1_154' title='bbox 1364 1347 1722 1398; x_wconf 84' lang='lat' dir='ltr'><strong>DCXLVIII.i</strong></span> <span class='ocrx_word' id='word_1_155' title='bbox 1818 1363 2095 1417; x_wconf 76' lang='lat' dir='ltr'><strong>Philippicus</strong></span> <span class='ocrx_word' id='word_1_156' title='bbox 2121 1368 2228 1398; x_wconf 68' lang='lat' dir='ltr'><strong>neda.</strong></span> 
     </span>
     <span class='ocr_line' id='line_1_20' title="bbox 230 1418 2352 1474; baseline 0 -13"><span class='ocrx_word' id='word_1_157' title='bbox 230 1420 485 1474; x_wconf 86' lang='lat' dir='ltr'><strong>regnavit</strong></span> <span class='ocrx_word' id='word_1_158' title='bbox 517 1433 679 1462; x_wconf 89' lang='lat' dir='ltr'><strong>annum</strong></span> <span class='ocrx_word' id='word_1_159' title='bbox 709 1419 765 1461; x_wconf 82' lang='lat' dir='ltr'><strong>Ik</strong></span> <span class='ocrx_word' id='word_1_160' title='bbox 798 1422 842 1462; x_wconf 90' lang='lat' dir='ltr'><strong>et</strong></span> <span class='ocrx_word' id='word_1_161' title='bbox 873 1433 1042 1462; x_wconf 89' lang='lat' dir='ltr'><strong>menses</strong></span> <span class='ocrx_word' id='word_1_162' title='bbox 1065 1418 1170 1463; x_wconf 77' lang='lat' dir='ltr'><strong>Vll.</strong></span> <span class='ocrx_word' id='word_1_163' title='bbox 1232 1419 1329 1460; x_wconf 89' lang='lat' dir='ltr'><strong>Hic</strong></span> <span class='ocrx_word' id='word_1_164' title='bbox 1360 1421 1595 1473; x_wconf 86' lang='lat' dir='ltr'><strong>postquam</strong></span> <span class='ocrx_word' id='word_1_165' title='bbox 1626 1419 1670 1461; x_wconf 87' lang='lat' dir='ltr'><strong>in</strong></span> <span class='ocrx_word' id='word_1_166' title='bbox 1704 1419 1926 1473; x_wconf 89' lang='lat' dir='ltr'><strong>imperiali</strong></span> <span class='ocrx_word' id='word_1_167' title='bbox 1954 1420 2098 1474; x_wconf 80' lang='lat' dir='ltr'><strong>digni·</strong></span> <span class='ocrx_word' id='word_1_168' title='bbox 2123 1425 2352 1456; x_wconf 74' lang='lat' dir='ltr'>P-D-Y1-34-</span> 
     </span>
     <span class='ocr_line' id='line_1_21' title="bbox 230 1474 2099 1530; baseline 0.001 -12"><span class='ocrx_word' id='word_1_169' title='bbox 230 1479 323 1518; x_wconf 87' lang='lat' dir='ltr'><strong>tate</strong></span> <span class='ocrx_word' id='word_1_170' title='bbox 366 1476 643 1518; x_wconf 88' lang='lat' dir='ltr'><strong>confirmatus</strong></span> <span class='ocrx_word' id='word_1_171' title='bbox 690 1478 776 1525; x_wconf 89' lang='lat' dir='ltr'><strong>est,</strong></span> <span class='ocrx_word' id='word_1_172' title='bbox 830 1474 959 1518; x_wconf 83' lang='lat' dir='ltr'><strong>Cirol</strong></span> <span class='ocrx_word' id='word_1_173' title='bbox 998 1475 1050 1519; x_wconf 85' lang='lat' dir='ltr'><strong>de</strong></span> <span class='ocrx_word' id='word_1_174' title='bbox 1095 1476 1356 1529; x_wconf 79' lang='lat' dir='ltr'><strong>pontificatu</strong></span> <span class='ocrx_word' id='word_1_175' title='bbox 1401 1475 1618 1518; x_wconf 80' lang='lat' dir='ltr'><strong>abiectom</strong></span> <span class='ocrx_word' id='word_1_176' title='bbox 1664 1475 1719 1517; x_wconf 90' lang='lat' dir='ltr'><strong>ad</strong></span> <span class='ocrx_word' id='word_1_177' title='bbox 1766 1475 2099 1530; x_wconf 84' lang='lat' dir='ltr'><strong>gubernandum</strong></span> 
     </span>
     <span class='ocr_line' id='line_1_22' title="bbox 230 1530 2100 1587; baseline 0.001 -13"><span class='ocrx_word' id='word_1_178' title='bbox 230 1533 546 1574; x_wconf 88' lang='lat' dir='ltr'><strong>monasterium</strong></span> <span class='ocrx_word' id='word_1_179' title='bbox 583 1545 710 1574; x_wconf 90' lang='lat' dir='ltr'><strong>suum</strong></span> <span class='ocrx_word' id='word_1_180' title='bbox 748 1532 793 1574; x_wconf 93' lang='lat' dir='ltr'><strong>in</strong></span> <span class='ocrx_word' id='word_1_181' title='bbox 831 1532 1023 1575; x_wconf 90' lang='lat' dir='ltr'><strong>Pontum</strong></span> <span class='ocrx_word' id='word_1_182' title='bbox 1061 1531 1203 1574; x_wconf 87' lang='lat' dir='ltr'><strong>redire</strong></span> <span class='ocrx_word' id='word_1_183' title='bbox 1241 1533 1449 1586; x_wconf 88' lang='lat' dir='ltr'><strong>precepit.</strong></span> <span class='ocrx_word' id='word_1_184' title='bbox 1517 1532 1601 1574; x_wconf 90' lang='lat' dir='ltr'><strong>Hic</strong></span> <span class='ocrx_word' id='word_1_185' title='bbox 1633 1530 1921 1575; x_wconf 88' lang='lat' dir='ltr'><strong>Constantino</strong></span> <span class='ocrx_word' id='word_1_186' title='bbox 1960 1547 2100 1587; x_wconf 83' lang='lat' dir='ltr'><strong>papae</strong></span> 
     </span>
     <span class='ocr_line' id='line_1_23' title="bbox 230 1588 2099 1644; baseline 0.001 -13"><span class='ocrx_word' id='word_1_187' title='bbox 230 1589 406 1631; x_wconf 85' lang='lat' dir='ltr'><strong>litteras</strong></span> <span class='ocrx_word' id='word_1_188' title='bbox 451 1589 576 1642; x_wconf 85' lang='lat' dir='ltr'><strong>pravi</strong></span> <span class='ocrx_word' id='word_1_189' title='bbox 621 1588 844 1643; x_wconf 83' lang='lat' dir='ltr'><strong>dogmatis</strong></span> <span class='ocrx_word' id='word_1_190' title='bbox 888 1588 1062 1638; x_wconf 80' lang='lat' dir='ltr'><strong>direxit,</strong></span> <span class='ocrx_word' id='word_1_191' title='bbox 1106 1602 1212 1644; x_wconf 88' lang='lat' dir='ltr'><strong>quas</strong></span> <span class='ocrx_word' id='word_1_192' title='bbox 1254 1588 1332 1631; x_wconf 91' lang='lat' dir='ltr'><strong>ille</strong></span> <span class='ocrx_word' id='word_1_193' title='bbox 1373 1588 1561 1642; x_wconf 81' lang='lat' dir='ltr'><strong>respuit3</strong></span> <span class='ocrx_word' id='word_1_194' title='bbox 1608 1589 1874 1644; x_wconf 81' lang='lat' dir='ltr'><strong>statuitque</strong></span> <span class='ocrx_word' id='word_1_195' title='bbox 1915 1591 2099 1644; x_wconf 64' lang='lat' dir='ltr'><strong>populus</strong></span> 
     </span>
     <span class='ocr_line' id='line_1_24' title="bbox 229 1645 2101 1699; baseline 0 -11"><span class='ocrx_word' id='word_1_196' title='bbox 229 1647 463 1694; x_wconf 83' lang='lat' dir='ltr'><strong>Romanus,</strong></span> <span class='ocrx_word' id='word_1_197' title='bbox 502 1659 556 1688; x_wconf 90' lang='lat' dir='ltr'><strong>ne</strong></span> <span class='ocrx_word' id='word_1_198' title='bbox 593 1645 780 1688; x_wconf 84' lang='lat' dir='ltr'><strong>heretici</strong></span> <span class='ocrx_word' id='word_1_199' title='bbox 817 1645 1095 1699; x_wconf 87' lang='lat' dir='ltr'><strong>imperatoris</strong></span> <span class='ocrx_word' id='word_1_200' title='bbox 1135 1658 1292 1688; x_wconf 89' lang='lat' dir='ltr'><strong>nomen</strong></span> <span class='ocrx_word' id='word_1_201' title='bbox 1331 1647 1409 1687; x_wconf 90' lang='lat' dir='ltr'><strong>aut</strong></span> <span class='ocrx_word' id='word_1_202' title='bbox 1446 1647 1589 1688; x_wconf 88' lang='lat' dir='ltr'><strong>cartas</strong></span> <span class='ocrx_word' id='word_1_203' title='bbox 1629 1647 1706 1688; x_wconf 90' lang='lat' dir='ltr'><strong>aut</strong></span> <span class='ocrx_word' id='word_1_204' title='bbox 1743 1646 1932 1699; x_wconf 87' lang='lat' dir='ltr'><strong>figuram</strong></span> <span class='ocrx_word' id='word_1_205' title='bbox 1971 1646 2101 1690; x_wconf 81' lang='lat' dir='ltr'><strong>solidi</strong></span> 
     </span>
     <span class='ocr_line' id='line_1_25' title="bbox 230 1700 2100 1758; baseline 0.001 -15"><span class='ocrx_word' id='word_1_206' title='bbox 230 1702 513 1755; x_wconf 86' lang='lat' dir='ltr'><strong>susciperent.</strong></span> <span class='ocrx_word' id='word_1_207' title='bbox 581 1700 744 1744; x_wconf 88' lang='lat' dir='ltr'><strong>Contra</strong></span> <span class='ocrx_word' id='word_1_208' title='bbox 775 1702 908 1744; x_wconf 90' lang='lat' dir='ltr'><strong>hunc</strong></span> <span class='ocrx_word' id='word_1_209' title='bbox 940 1702 1250 1758; x_wconf 36' lang='lat' dir='ltr'><strong>Anastasiush</strong></span> <span class='ocrx_word' id='word_1_210' title='bbox 1271 1702 1346 1756; x_wconf 85' lang='lat' dir='ltr'><strong>qui</strong></span> <span class='ocrx_word' id='word_1_211' title='bbox 1378 1704 1422 1744; x_wconf 90' lang='lat' dir='ltr'><strong>et</strong></span> <span class='ocrx_word' id='word_1_212' title='bbox 1455 1701 1715 1744; x_wconf 77' lang='lat' dir='ltr'><strong>Artemiusn</strong></span> <span class='ocrx_word' id='word_1_213' title='bbox 1745 1701 1887 1745; x_wconf 81' lang='lat' dir='ltr'><strong>dictus</strong></span> <span class='ocrx_word' id='word_1_214' title='bbox 1919 1706 1996 1752; x_wconf 73' lang='lat' dir='ltr'><strong>est,</strong></span> <span class='ocrx_word' id='word_1_215' title='bbox 2036 1704 2100 1746; x_wconf 91' lang='lat' dir='ltr'><strong>in-</strong></span> 
     </span>
     <span class='ocr_line' id='line_1_26' title="bbox 229 1758 1396 1814; baseline 0 -14"><span class='ocrx_word' id='word_1_216' title='bbox 229 1771 411 1812; x_wconf 87' lang='lat' dir='ltr'><strong>surgens</strong></span> <span class='ocrx_word' id='word_1_217' title='bbox 443 1772 541 1801; x_wconf 90' lang='lat' dir='ltr'><strong>eum</strong></span> <span class='ocrx_word' id='word_1_218' title='bbox 572 1771 708 1813; x_wconf 88' lang='lat' dir='ltr'><strong>regno</strong></span> <span class='ocrx_word' id='word_1_219' title='bbox 740 1759 908 1812; x_wconf 84' lang='lat' dir='ltr'><strong>expulit</strong></span> <span class='ocrx_word' id='word_1_220' title='bbox 938 1759 1159 1814; x_wconf 86' lang='lat' dir='ltr'><strong>oculisque</strong></span> <span class='ocrx_word' id='word_1_221' title='bbox 1190 1758 1396 1812; x_wconf 85' lang='lat' dir='ltr'><strong>privavit.</strong></span> 
     </span>
    </p>
   </div>
   <div class='ocr_carea' id='block_1_9' title="bbox 980 1881 2352 1943">
    <p class='ocr_par' dir='ltr' id='par_1_9' title="bbox 980 1881 2352 1943">
     <span class='ocr_line' id='line_1_27' title="bbox 980 1881 2352 1943; baseline -0.006 -2"><span class='ocrx_word' id='word_1_222' title='bbox 980 1881 1301 1941; x_wconf 76' lang='grc'><strong>650-653</strong></span> <span class='ocrx_word' id='word_1_223' title='bbox 1315 1882 1355 1939; x_wconf 80' lang='lat'><strong>².</strong></span> <span class='ocrx_word' id='word_1_224' title='bbox 2125 1905 2352 1943; x_wconf 63' lang='grc' dir='ltr'><strong>(τιὸ-116).</strong></span> 
     </span>
    </p>
   </div>
   <div class='ocr_carea' id='block_1_10' title="bbox 229 1981 2354 2278">
    <p class='ocr_par' dir='ltr' id='par_1_10' title="bbox 229 1981 2354 2278">
     <span class='ocr_line' id='line_1_28' title="bbox 373 1981 2233 2051; baseline -0.001 -17"><span class='ocrx_word' id='word_1_225' title='bbox 373 1984 522 2034; x_wconf 91' lang='lat' dir='ltr'><strong>Anno</strong></span> <span class='ocrx_word' id='word_1_226' title='bbox 554 1982 853 2034; x_wconf 89' lang='lat' dir='ltr'><strong>dominicae</strong></span> <span class='ocrx_word' id='word_1_227' title='bbox 884 1982 1268 2034; x_wconf 85' lang='lat' dir='ltr'><strong>incarnationis</strong></span> <span class='ocrx_word' id='word_1_228' title='bbox 1301 1981 1486 2035; x_wconf 87' lang='lat' dir='ltr'><strong>DCL.⁰</strong></span> <span class='ocrx_word' id='word_1_229' title='bbox 1553 1995 1814 2039; x_wconf 79' lang='lat' dir='ltr'><strong>Anastasius</strong></span> <span class='ocrx_word' id='word_1_230' title='bbox 1846 1998 2098 2051; x_wconf 78' lang='lat' dir='ltr'><strong>regnavit</strong></span> <span class='ocrx_word' id='word_1_231' title='bbox 2124 2003 2233 2033; x_wconf 69' lang='lat' dir='ltr'><strong>Beda.</strong></span> 
     </span>
     <span class='ocr_line' id='line_1_29' title="bbox 230 2053 2354 2108; baseline -0 -10"><span class='ocrx_word' id='word_1_232' title='bbox 230 2069 364 2098; x_wconf 89' lang='lat' dir='ltr'><strong>annos</strong></span> <span class='ocrx_word' id='word_1_233' title='bbox 394 2055 506 2097; x_wconf 75' lang='lat' dir='ltr'><strong>IIIP.</strong></span> <span class='ocrx_word' id='word_1_234' title='bbox 567 2054 651 2097; x_wconf 91' lang='lat' dir='ltr'><strong>Hic</strong></span> <span class='ocrx_word' id='word_1_235' title='bbox 683 2055 857 2097; x_wconf 86' lang='lat' dir='ltr'><strong>litteras</strong></span> <span class='ocrx_word' id='word_1_236' title='bbox 882 2053 1170 2097; x_wconf 87' lang='lat' dir='ltr'><strong>Constantino</strong></span> <span class='ocrx_word' id='word_1_237' title='bbox 1201 2067 1342 2108; x_wconf 89' lang='lat' dir='ltr'><strong>papae</strong></span> <span class='ocrx_word' id='word_1_238' title='bbox 1373 2067 1450 2107; x_wconf 88' lang='lat' dir='ltr'><strong>per</strong></span> <span class='ocrx_word' id='word_1_239' title='bbox 1474 2053 1761 2096; x_wconf 81' lang='lat' dir='ltr'><strong>Scolasticum</strong></span> <span class='ocrx_word' id='word_1_240' title='bbox 1792 2054 2030 2107; x_wconf 87' lang='lat' dir='ltr'><strong>patricium</strong></span> <span class='ocrx_word' id='word_1_241' title='bbox 2055 2058 2099 2098; x_wconf 85' lang='lat' dir='ltr'><strong>et</strong></span> <span class='ocrx_word' id='word_1_242' title='bbox 2126 2066 2354 2106; x_wconf 68' lang='lat' dir='ltr'><strong>P.D.V1,34.</strong></span> 
     </span>
     <span class='ocr_line' id='line_1_30' title="bbox 230 2109 2100 2166; baseline 0 -12"><span class='ocrx_word' id='word_1_243' title='bbox 230 2120 462 2154; x_wconf 78' lang='lat' dir='ltr'><strong>exarcumq</strong></span> <span class='ocrx_word' id='word_1_244' title='bbox 502 2110 664 2153; x_wconf 89' lang='lat' dir='ltr'><strong>Italiae</strong></span> <span class='ocrx_word' id='word_1_245' title='bbox 708 2111 887 2161; x_wconf 83' lang='lat' dir='ltr'><strong>direxit,</strong></span> <span class='ocrx_word' id='word_1_246' title='bbox 932 2111 1089 2166; x_wconf 83' lang='lat' dir='ltr'><strong>quibus</strong></span> <span class='ocrx_word' id='word_1_247' title='bbox 1131 2124 1176 2153; x_wconf 92' lang='lat' dir='ltr'><strong>se</strong></span> <span class='ocrx_word' id='word_1_248' title='bbox 1214 2110 1431 2152; x_wconf 88' lang='lat' dir='ltr'><strong>fautorem</strong></span> <span class='ocrx_word' id='word_1_249' title='bbox 1470 2110 1712 2153; x_wconf 86' lang='lat' dir='ltr'><strong>catholicae</strong></span> <span class='ocrx_word' id='word_1_250' title='bbox 1726 2118 1743 2140; x_wconf 77' lang='lat'><strong>1·</strong></span> <span class='ocrx_word' id='word_1_251' title='bbox 1779 2109 1882 2152; x_wconf 87' lang='lat' dir='ltr'><strong>fidei</strong></span> <span class='ocrx_word' id='word_1_252' title='bbox 1914 2113 1957 2152; x_wconf 89' lang='lat' dir='ltr'><strong>et</strong></span> <span class='ocrx_word' id='word_1_253' title='bbox 1988 2112 2100 2154; x_wconf 77' lang='lat' dir='ltr'><strong>sexti</strong></span> 
     </span>
     <span class='ocr_line' id='line_1_31' title="bbox 231 2165 2339 2222; baseline 0 -12"><span class='ocrx_word' id='word_1_254' title='bbox 231 2168 405 2211; x_wconf 88' lang='lat' dir='ltr'><strong>concilii</strong></span> <span class='ocrx_word' id='word_1_255' title='bbox 435 2167 756 2222; x_wconf 82' lang='lat' dir='ltr'><strong>predicatorem</strong></span> <span class='ocrx_word' id='word_1_256' title='bbox 787 2181 878 2210; x_wconf 89' lang='lat' dir='ltr'><strong>esse</strong></span> <span class='ocrx_word' id='word_1_257' title='bbox 904 2167 1159 2210; x_wconf 89' lang='lat' dir='ltr'><strong>declaravit.</strong></span> <span class='ocrx_word' id='word_1_258' title='bbox 1221 2166 1439 2209; x_wconf 82' lang='lat' dir='ltr'><strong>Defuncto</strong></span> <span class='ocrx_word' id='word_1_259' title='bbox 1462 2166 1635 2210; x_wconf 85' lang='lat' dir='ltr'><strong>Gisulfo</strong></span> <span class='ocrx_word' id='word_1_260' title='bbox 1659 2165 1765 2209; x_wconf 89' lang='lat' dir='ltr'><strong>duce</strong></span> <span class='ocrx_word' id='word_1_261' title='bbox 1791 2167 2101 2210; x_wconf 76' lang='lat' dir='ltr'><strong>Beneventano</strong></span> <span class='ocrx_word' id='word_1_262' title='bbox 2126 2179 2172 2209; x_wconf 84' lang='lat' dir='ltr'><strong>ib.</strong></span> <span class='ocrx_word' id='word_1_263' title='bbox 2201 2179 2263 2211; x_wconf 69' lang='lat' dir='ltr'><strong>VI.</strong></span> <span class='ocrx_word' id='word_1_264' title='bbox 2287 2181 2339 2210; x_wconf 60' lang='lat'><strong>32⁴.</strong></span> 
     </span>
     <span class='ocr_line' id='line_1_32' title="bbox 229 2224 1374 2278; baseline -0.002 -11"><span class='ocrx_word' id='word_1_265' title='bbox 229 2224 469 2267; x_wconf 85' lang='lat' dir='ltr'><strong>Romaldus</strong></span> <span class='ocrx_word' id='word_1_266' title='bbox 500 2224 617 2266; x_wconf 88' lang='lat' dir='ltr'><strong>filius</strong></span> <span class='ocrx_word' id='word_1_267' title='bbox 649 2225 740 2266; x_wconf 90' lang='lat' dir='ltr'><strong>eius</strong></span> <span class='ocrx_word' id='word_1_268' title='bbox 772 2224 943 2267; x_wconf 89' lang='lat' dir='ltr'><strong>locum</strong></span> <span class='ocrx_word' id='word_1_269' title='bbox 976 2225 1088 2266; x_wconf 92' lang='lat' dir='ltr'><strong>eius</strong></span> <span class='ocrx_word' id='word_1_270' title='bbox 1121 2224 1374 2278; x_wconf 89' lang='lat' dir='ltr'><strong>optinuit.</strong></span> 
     </span>
    </p>
   </div>
   <div class='ocr_carea' id='block_1_11' title="bbox 230 2292 2339 2520">
    <p class='ocr_par' dir='ltr' id='par_1_11' title="bbox 230 2292 2339 2520">
     <span class='ocr_line' id='line_1_33' title="bbox 371 2292 2339 2348; baseline 0.001 -11"><span class='ocrx_word' id='word_1_271' title='bbox 371 2293 498 2338; x_wconf 87' lang='lat' dir='ltr'><strong>Circa</strong></span> <span class='ocrx_word' id='word_1_272' title='bbox 527 2294 635 2337; x_wconf 88' lang='lat' dir='ltr'><strong>haec</strong></span> <span class='ocrx_word' id='word_1_273' title='bbox 664 2297 864 2348; x_wconf 87' lang='lat' dir='ltr'><strong>tempora</strong></span> <span class='ocrx_word' id='word_1_274' title='bbox 893 2294 1124 2344; x_wconf 83' lang='lat' dir='ltr'><strong>Petronax,</strong></span> <span class='ocrx_word' id='word_1_275' title='bbox 1165 2294 1270 2337; x_wconf 84' lang='lat' dir='ltr'><strong>civis</strong></span> <span class='ocrx_word' id='word_1_276' title='bbox 1301 2293 1569 2336; x_wconf 70' lang='lat' dir='ltr'><strong>Brixianaess</strong></span> <span class='ocrx_word' id='word_1_277' title='bbox 1600 2293 1734 2344; x_wconf 79' lang='lat' dir='ltr'><strong>urbiS‚</strong></span> <span class='ocrx_word' id='word_1_278' title='bbox 1775 2292 1922 2336; x_wconf 80' lang='lat' dir='ltr'><strong>divino</strong></span> <span class='ocrx_word' id='word_1_279' title='bbox 1955 2307 2099 2337; x_wconf 90' lang='lat' dir='ltr'><strong>amore</strong></span> <span class='ocrx_word' id='word_1_280' title='bbox 2125 2306 2173 2337; x_wconf 81' lang='lat' dir='ltr'><strong>ib.</strong></span> <span class='ocrx_word' id='word_1_281' title='bbox 2201 2306 2263 2345; x_wconf 67' lang='lat' dir='ltr'><strong>vl,</strong></span> <span class='ocrx_word' id='word_1_282' title='bbox 2286 2308 2339 2338; x_wconf 73' lang='grc'><strong>411.</strong></span> 
     </span>
     <span class='ocr_line' id='line_1_34' title="bbox 230 2350 2100 2406; baseline -0.001 -12"><span class='ocrx_word' id='word_1_283' title='bbox 230 2353 513 2406; x_wconf 86' lang='lat' dir='ltr'><strong>compunctus</strong></span> <span class='ocrx_word' id='word_1_284' title='bbox 538 2353 729 2393; x_wconf 88' lang='lat' dir='ltr'><strong>castrum</strong></span> <span class='ocrx_word' id='word_1_285' title='bbox 754 2350 986 2394; x_wconf 87' lang='lat' dir='ltr'><strong>Cassinum</strong></span> <span class='ocrx_word' id='word_1_286' title='bbox 1008 2351 1143 2405; x_wconf 87' lang='lat' dir='ltr'><strong>petiit</strong></span> <span class='ocrx_word' id='word_1_287' title='bbox 1167 2353 1218 2394; x_wconf 89' lang='lat' dir='ltr'><strong>et</strong></span> <span class='ocrx_word' id='word_1_288' title='bbox 1242 2350 1630 2394; x_wconf 88' lang='lat' dir='ltr'><strong>monasterium</strong></span> <span class='ocrx_word' id='word_1_289' title='bbox 1655 2350 1832 2392; x_wconf 89' lang='lat' dir='ltr'><strong>sancti</strong></span> <span class='ocrx_word' id='word_1_290' title='bbox 1856 2350 2100 2399; x_wconf 79' lang='lat' dir='ltr'><strong>Benedicti,</strong></span> 
     </span>
     <span class='ocr_line' id='line_1_35' title="bbox 231 2406 2102 2463; baseline -0.001 -13"><span class='ocrx_word' id='word_1_291' title='bbox 231 2407 366 2463; x_wconf 85' lang='lat' dir='ltr'><strong>quod</strong></span> <span class='ocrx_word' id='word_1_292' title='bbox 395 2408 485 2451; x_wconf 88' lang='lat' dir='ltr'><strong>iam</strong></span> <span class='ocrx_word' id='word_1_293' title='bbox 522 2409 673 2450; x_wconf 73' lang='lat' dir='ltr'><strong>tunct</strong></span> <span class='ocrx_word' id='word_1_294' title='bbox 710 2410 886 2451; x_wconf 89' lang='lat' dir='ltr'><strong>centum</strong></span> <span class='ocrx_word' id='word_1_295' title='bbox 918 2411 963 2450; x_wconf 92' lang='lat' dir='ltr'><strong>et</strong></span> <span class='ocrx_word' id='word_1_296' title='bbox 994 2407 1142 2450; x_wconf 89' lang='lat' dir='ltr'><strong>decem</strong></span> <span class='ocrx_word' id='word_1_297' title='bbox 1175 2421 1322 2450; x_wconf 89' lang='lat' dir='ltr'><strong>annos</strong></span> <span class='ocrx_word' id='word_1_298' title='bbox 1354 2406 1689 2449; x_wconf 85' lang='lat' dir='ltr'><strong>destructum</strong></span> <span class='ocrx_word' id='word_1_299' title='bbox 1722 2406 1991 2455; x_wconf 82' lang='lat' dir='ltr'><strong>manebat,</strong></span> <span class='ocrx_word' id='word_1_300' title='bbox 2024 2420 2102 2449; x_wconf 86' lang='lat' dir='ltr'><strong>re-</strong></span> 
     </span>
     <span class='ocr_line' id='line_1_36' title="bbox 232 2463 1806 2520; baseline -0.001 -14"><span class='ocrx_word' id='word_1_301' title='bbox 232 2463 599 2507; x_wconf 79' lang='lat' dir='ltr'><strong>aedificavitu</strong></span> <span class='ocrx_word' id='word_1_302' title='bbox 629 2464 975 2520; x_wconf 88' lang='lat' dir='ltr'><strong>multorumque</strong></span> <span class='ocrx_word' id='word_1_303' title='bbox 1006 2464 1317 2507; x_wconf 89' lang='lat' dir='ltr'><strong>monachorum</strong></span> <span class='ocrx_word' id='word_1_304' title='bbox 1347 2466 1476 2517; x_wconf 87' lang='lat' dir='ltr'><strong>pater</strong></span> <span class='ocrx_word' id='word_1_305' title='bbox 1505 2463 1570 2505; x_wconf 89' lang='lat' dir='ltr'><strong>ibi</strong></span> <span class='ocrx_word' id='word_1_306' title='bbox 1602 2463 1806 2506; x_wconf 80' lang='lat' dir='ltr'><strong>extitit.</strong></span> 
     </span>
    </p>
   </div>
   <div class='ocr_carea' id='block_1_12' title="bbox 373 2532 2285 2595">
    <p class='ocr_par' dir='ltr' id='par_1_12' title="bbox 373 2532 2285 2595">
     <span class='ocr_line' id='line_1_37' title="bbox 373 2532 2285 2595; baseline 0 -12"><span class='ocrx_word' id='word_1_307' title='bbox 373 2541 610 2595; x_wconf 87' lang='lat' dir='ltr'><strong>Gregorius</strong></span> <span class='ocrx_word' id='word_1_308' title='bbox 641 2555 779 2595; x_wconf 88' lang='lat' dir='ltr'><strong>papa</strong></span> <span class='ocrx_word' id='word_1_309' title='bbox 810 2542 1187 2592; x_wconf 87' lang='lat' dir='ltr'><strong>constituitur;</strong></span> <span class='ocrx_word' id='word_1_310' title='bbox 1227 2541 1299 2584; x_wconf 90' lang='lat' dir='ltr'><strong>hic</strong></span> <span class='ocrx_word' id='word_1_311' title='bbox 1330 2533 1665 2584; x_wconf 78' lang='lat' dir='ltr'><strong>Bonifacium</strong></span> <span class='ocrx_word' id='word_1_312' title='bbox 1697 2550 1761 2583; x_wconf 82' lang='lat' dir='ltr'><strong>ex</strong></span> <span class='ocrx_word' id='word_1_313' title='bbox 1794 2532 2101 2584; x_wconf 75' lang='lat' dir='ltr'><strong>Brittannia</strong></span> <span class='ocrx_word' id='word_1_314' title='bbox 2127 2545 2169 2575; x_wconf 79' lang='lat' dir='ltr'><strong>G·</strong></span> <span class='ocrx_word' id='word_1_315' title='bbox 2190 2554 2222 2583; x_wconf 74' lang='lat'><strong>1³·</strong></span> <span class='ocrx_word' id='word_1_316' title='bbox 2246 2544 2285 2573; x_wconf 79' lang='lat' dir='ltr'><strong>R-</strong></span> 
     </span>
    </p>
   </div>
   <div class='ocr_carea' id='block_1_13' title="bbox 233 2603 2100 2668">
    <p class='ocr_par' dir='ltr' id='par_1_13' title="bbox 233 2603 2100 2668">
     <span class='ocr_line' id='line_1_38' title="bbox 233 2603 2100 2668; baseline -0.001 -15"><span class='ocrx_word' id='word_1_317' title='bbox 233 2607 405 2653; x_wconf 79' lang='lat' dir='ltr'><strong>ortum</strong></span> <span class='ocrx_word' id='word_1_318' title='bbox 444 2603 750 2668; x_wconf 83' lang='lat' dir='ltr'><strong>episcopum</strong></span> <span class='ocrx_word' id='word_1_319' title='bbox 798 2603 1063 2655; x_wconf 83' lang='lat' dir='ltr'><strong>ordinavit</strong></span> <span class='ocrx_word' id='word_1_320' title='bbox 1107 2609 1159 2655; x_wconf 80' lang='lat' dir='ltr'><strong>et</strong></span> <span class='ocrx_word' id='word_1_321' title='bbox 1199 2625 1276 2666; x_wconf 89' lang='lat' dir='ltr'><strong>per</strong></span> <span class='ocrx_word' id='word_1_322' title='bbox 1318 2625 1432 2654; x_wconf 87' lang='lat' dir='ltr'><strong>eum</strong></span> <span class='ocrx_word' id='word_1_323' title='bbox 1473 2612 1520 2654; x_wconf 93' lang='lat' dir='ltr'><strong>in</strong></span> <span class='ocrx_word' id='word_1_324' title='bbox 1560 2611 1877 2654; x_wconf 75' lang='lat' dir='ltr'><strong>Germaniamv</strong></span> <span class='ocrx_word' id='word_1_325' title='bbox 1918 2610 2100 2653; x_wconf 85' lang='lat' dir='ltr'><strong>verbum</strong></span> 
     </span>
    </p>
   </div>
   <div class='ocr_carea' id='block_1_14' title="bbox 232 2673 2100 2773">
    <p class='ocr_par' dir='ltr' id='par_1_14' title="bbox 232 2673 2100 2773">
     <span class='ocr_line' id='line_1_39' title="bbox 233 2673 2100 2728; baseline 0 -12"><span class='ocrx_word' id='word_1_326' title='bbox 233 2674 389 2716; x_wconf 88' lang='lat' dir='ltr'><strong>salutis</strong></span> <span class='ocrx_word' id='word_1_327' title='bbox 430 2673 675 2727; x_wconf 89' lang='lat' dir='ltr'><strong>predicavit</strong></span> <span class='ocrx_word' id='word_1_328' title='bbox 713 2676 758 2716; x_wconf 93' lang='lat' dir='ltr'><strong>et</strong></span> <span class='ocrx_word' id='word_1_329' title='bbox 796 2676 974 2728; x_wconf 84' lang='lat' dir='ltr'><strong>gentem</strong></span> <span class='ocrx_word' id='word_1_330' title='bbox 1011 2675 1138 2717; x_wconf 88' lang='lat' dir='ltr'><strong>illam</strong></span> <span class='ocrx_word' id='word_1_331' title='bbox 1176 2674 1402 2718; x_wconf 90' lang='lat' dir='ltr'><strong>sedentem</strong></span> <span class='ocrx_word' id='word_1_332' title='bbox 1433 2675 1481 2717; x_wconf 91' lang='lat' dir='ltr'><strong>in</strong></span> <span class='ocrx_word' id='word_1_333' title='bbox 1511 2674 1705 2717; x_wconf 89' lang='lat' dir='ltr'><strong>tenebris</strong></span> <span class='ocrx_word' id='word_1_334' title='bbox 1744 2688 1765 2717; x_wconf 90' lang='lat' dir='ltr'><strong>e</strong></span> <span class='ocrx_word' id='word_1_335' title='bbox 1776 2688 1801 2716; x_wconf 87' lang='lat' dir='ltr'><strong>v</strong></span> <span class='ocrx_word' id='word_1_336' title='bbox 1811 2687 1834 2716; x_wconf 92' lang='lat' dir='ltr'><strong>a</strong></span> <span class='ocrx_word' id='word_1_337' title='bbox 1844 2688 1871 2716; x_wconf 91' lang='lat' dir='ltr'><strong>n</strong></span> <span class='ocrx_word' id='word_1_338' title='bbox 1883 2687 1913 2728; x_wconf 90' lang='lat' dir='ltr'><strong>g</strong></span> <span class='ocrx_word' id='word_1_339' title='bbox 1923 2687 1943 2716; x_wconf 90' lang='lat' dir='ltr'><strong>e</strong></span> <span class='ocrx_word' id='word_1_340' title='bbox 1956 2674 2026 2716; x_wconf 91' lang='lat' dir='ltr'><strong>lic</strong></span> <span class='ocrx_word' id='word_1_341' title='bbox 2037 2688 2061 2716; x_wconf 88' lang='lat' dir='ltr'><strong>a</strong></span> <span class='ocrx_word' id='word_1_342' title='bbox 2072 2683 2100 2702; x_wconf 69' lang='lat' dir='ltr'>W</span> 
     </span>
     <span class='ocr_line' id='line_1_40' title="bbox 232 2730 710 2773; baseline 0 -1"><span class='ocrx_word' id='word_1_343' title='bbox 232 2731 349 2773; x_wconf 88' lang='lat' dir='ltr'><strong>luce</strong></span> <span class='ocrx_word' id='word_1_344' title='bbox 381 2730 710 2773; x_wconf 87' lang='lat' dir='ltr'><strong>illustravit.</strong></span> 
     </span>
    </p>
   </div>
   <div class='ocr_carea' id='block_1_15' title="bbox 232 2799 2353 2992">
    <p class='ocr_par' dir='ltr' id='par_1_15' title="bbox 232 2799 2353 2992">
     <span class='ocr_line' id='line_1_41' title="bbox 375 2799 2353 2865; baseline -0.001 -15"><span class='ocrx_word' id='word_1_345' title='bbox 375 2806 627 2850; x_wconf 76' lang='lat' dir='ltr'><strong>Carolusx</strong></span> <span class='ocrx_word' id='word_1_346' title='bbox 648 2805 898 2860; x_wconf 89' lang='lat' dir='ltr'><strong>princeps</strong></span> <span class='ocrx_word' id='word_1_347' title='bbox 923 2809 1107 2849; x_wconf 87' lang='lat' dir='ltr'><strong>contra</strong></span> <span class='ocrx_word' id='word_1_348' title='bbox 1129 2806 1380 2850; x_wconf 84' lang='lat' dir='ltr'><strong>Ratbodum</strong></span> <span class='ocrx_word' id='word_1_349' title='bbox 1405 2816 1584 2864; x_wconf 81' lang='lat' dir='ltr'><strong>regem</strong></span> <span class='ocrx_word' id='word_1_350' title='bbox 1609 2799 1897 2850; x_wconf 82' lang='lat' dir='ltr'><strong>Fresonum</strong></span> <span class='ocrx_word' id='word_1_351' title='bbox 1930 2806 2099 2850; x_wconf 82' lang='lat' dir='ltr'><strong>multa</strong></span> <span class='ocrx_word' id='word_1_352' title='bbox 2127 2813 2211 2865; x_wconf 62' lang='lat' dir='ltr'><strong>Anq</strong></span> <span class='ocrx_word' id='word_1_353' title='bbox 2232 2812 2353 2863; x_wconf 54' lang='grc' dir='ltr'><strong>-ἣ-Αω.</strong></span> 
     </span>
     <span class='ocr_line' id='line_1_42' title="bbox 239 2858 2269 2925; baseline -0.001 -11"><span class='ocrx_word' id='word_1_354' title='bbox 239 2871 536 2914; x_wconf 88' lang='lat' dir='ltr'><strong>certamina</strong></span> <span class='ocrx_word' id='word_1_355' title='bbox 579 2867 855 2913; x_wconf 81' lang='lat' dir='ltr'><strong>conserit3.</strong></span> <span class='ocrx_word' id='word_1_356' title='bbox 928 2868 1024 2921; x_wconf 80' lang='lat' dir='ltr'><strong>Qui</strong></span> <span class='ocrx_word' id='word_1_357' title='bbox 1066 2872 1360 2925; x_wconf 67' lang='lat' dir='ltr'><strong>tyrannusy</strong></span> <span class='ocrx_word' id='word_1_358' title='bbox 1394 2870 1575 2913; x_wconf 84' lang='lat' dir='ltr'><strong>divino</strong></span> <span class='ocrx_word' id='word_1_359' title='bbox 1608 2869 1757 2912; x_wconf 79' lang='lat' dir='ltr'><strong>*nutu</strong></span> <span class='ocrx_word' id='word_1_360' title='bbox 1794 2871 2102 2923; x_wconf 85' lang='lat' dir='ltr'><strong>percutitur</strong></span> <span class='ocrx_word' id='word_1_361' title='bbox 2201 2858 2269 2885; x_wconf 69' lang='lat'><strong>⁴¹⁰·</strong></span> 
     </span>
     <span class='ocr_line' id='line_1_43' title="bbox 232 2925 1140 2992; baseline -0.002 -14"><span class='ocrx_word' id='word_1_362' title='bbox 232 2944 371 2978; x_wconf 90' lang='lat' dir='ltr'><strong>anno</strong></span> <span class='ocrx_word' id='word_1_363' title='bbox 409 2926 604 2992; x_wconf 84' lang='lat' dir='ltr'><strong>prefati</strong></span> <span class='ocrx_word' id='word_1_364' title='bbox 641 2925 896 2992; x_wconf 87' lang='lat' dir='ltr'><strong>principis</strong></span> <span class='ocrx_word' id='word_1_365' title='bbox 935 2932 1140 2991; x_wconf 76' lang='lat' dir='ltr'><strong>quarto,</strong></span> 
     </span>
    </p>
   </div>
   <div class='ocr_carea' id='block_1_16' title="bbox 233 3064 2103 3318">
    <p class='ocr_par' dir='ltr' id='par_1_16' title="bbox 233 3064 2103 3318">
     <span class='ocr_line' id='line_1_44' title="bbox 233 3064 2102 3107; baseline -0.002 -9"><span class='ocrx_word' id='word_1_366' title='bbox 233 3067 268 3107; x_wconf 81' lang='lat' dir='ltr'><strong>a)</strong></span> <span class='ocrx_word' id='word_1_367' title='bbox 302 3067 392 3099; x_wconf 88' lang='lat' dir='ltr'><strong>Cum</strong></span> <span class='ocrx_word' id='word_1_368' title='bbox 416 3067 446 3097; x_wconf 89' lang='lat' dir='ltr'><strong><em>A</em></strong></span> <span class='ocrx_word' id='word_1_369' title='bbox 462 3069 493 3098; x_wconf 90' lang='grc'><strong>2.</strong></span> <span class='ocrx_word' id='word_1_370' title='bbox 597 3066 635 3104; x_wconf 82' lang='lat' dir='ltr'><strong>b)</strong></span> <span class='ocrx_word' id='word_1_371' title='bbox 664 3067 837 3098; x_wconf 81' lang='lat' dir='ltr'><strong>baioriam</strong></span> <span class='ocrx_word' id='word_1_372' title='bbox 861 3067 893 3096; x_wconf 92' lang='lat' dir='ltr'><em>B</em></span> <span class='ocrx_word' id='word_1_373' title='bbox 911 3067 943 3097; x_wconf 90' lang='grc'><strong>2.</strong></span> <span class='ocrx_word' id='word_1_374' title='bbox 1049 3066 1081 3105; x_wconf 87' lang='grc'><strong>6)</strong></span> <span class='ocrx_word' id='word_1_375' title='bbox 1110 3065 1317 3103; x_wconf 81' lang='lat' dir='ltr'><strong>herigberto</strong></span> <span class='ocrx_word' id='word_1_376' title='bbox 1340 3065 1370 3096; x_wconf 89' lang='lat' dir='ltr'><strong>A</strong></span> <span class='ocrx_word' id='word_1_377' title='bbox 1388 3067 1417 3096; x_wconf 89' lang='grc'><strong>2.</strong></span> <span class='ocrx_word' id='word_1_378' title='bbox 1525 3065 1561 3105; x_wconf 92' lang='lat' dir='ltr'><strong>d)</strong></span> <span class='ocrx_word' id='word_1_379' title='bbox 1591 3064 1760 3096; x_wconf 78' lang='lat' dir='ltr'><strong>frantiam</strong></span> <span class='ocrx_word' id='word_1_380' title='bbox 1784 3067 1828 3096; x_wconf 89' lang='grc' dir='ltr'><strong>Β.</strong></span> <span class='ocrx_word' id='word_1_381' title='bbox 1931 3066 1964 3096; x_wconf 55' lang='lat' dir='ltr'><strong>ei</strong></span> <span class='ocrx_word' id='word_1_382' title='bbox 1995 3066 2102 3096; x_wconf 82' lang='lat' dir='ltr'><strong>inter-</strong></span> 
     </span>
     <span class='ocr_line' id='line_1_45' title="bbox 233 3107 2102 3147; baseline -0.001 -7"><span class='ocrx_word' id='word_1_383' title='bbox 233 3112 341 3140; x_wconf 82' lang='lat' dir='ltr'><strong>ritum</strong></span> <span class='ocrx_word' id='word_1_384' title='bbox 366 3110 398 3140; x_wconf 91' lang='lat' dir='ltr'><em>B</em></span> <span class='ocrx_word' id='word_1_385' title='bbox 414 3111 444 3140; x_wconf 91' lang='grc'><strong>2.</strong></span> <span class='ocrx_word' id='word_1_386' title='bbox 555 3109 584 3146; x_wconf 87' lang='lat' dir='ltr'><strong>f)</strong></span> <span class='ocrx_word' id='word_1_387' title='bbox 621 3109 703 3140; x_wconf 88' lang='lat' dir='ltr'><strong>iniit</strong></span> <span class='ocrx_word' id='word_1_388' title='bbox 733 3111 818 3140; x_wconf 83' lang='lat' dir='ltr'><strong>cert.</strong></span> <span class='ocrx_word' id='word_1_389' title='bbox 844 3109 920 3139; x_wconf 82' lang='lat' dir='ltr'><strong>A2.</strong></span> <span class='ocrx_word' id='word_1_390' title='bbox 1032 3108 1069 3146; x_wconf 67' lang='grc' dir='ltr'><strong>ετ)</strong></span> <span class='ocrx_word' id='word_1_391' title='bbox 1107 3111 1146 3139; x_wconf 89' lang='lat' dir='ltr'><strong>ut</strong></span> <span class='ocrx_word' id='word_1_392' title='bbox 1170 3108 1312 3146; x_wconf 85' lang='lat' dir='ltr'><strong>serunt,</strong></span> <span class='ocrx_word' id='word_1_393' title='bbox 1340 3116 1467 3146; x_wconf 83' lang='lat' dir='ltr'><strong>unam,</strong></span> <span class='ocrx_word' id='word_1_394' title='bbox 1498 3107 1534 3138; x_wconf 92' lang='lat' dir='ltr'><strong>id</strong></span> <span class='ocrx_word' id='word_1_395' title='bbox 1558 3111 1613 3138; x_wconf 84' lang='lat' dir='ltr'><strong>est</strong></span> <span class='ocrx_word' id='word_1_396' title='bbox 1643 3108 1673 3138; x_wconf 97' lang='lat' dir='ltr'><strong>A</strong></span> <span class='ocrx_word' id='word_1_397' title='bbox 1689 3110 1718 3138; x_wconf 75' lang='lat'><strong>2.</strong></span> <span class='ocrx_word' id='word_1_398' title='bbox 1829 3108 1870 3147; x_wconf 90' lang='lat' dir='ltr'><strong>h)</strong></span> <span class='ocrx_word' id='word_1_399' title='bbox 1906 3108 1996 3139; x_wconf 74' lang='lat' dir='ltr'><strong>deese</strong></span> <span class='ocrx_word' id='word_1_400' title='bbox 2027 3108 2057 3138; x_wconf 89' lang='lat' dir='ltr'><strong>A</strong></span> <span class='ocrx_word' id='word_1_401' title='bbox 2073 3110 2102 3141; x_wconf 82' lang='lat'><strong>2.</strong></span> 
     </span>
     <span class='ocr_line' id='line_1_46' title="bbox 233 3149 2103 3191; baseline -0.002 -8"><span class='ocrx_word' id='word_1_402' title='bbox 233 3152 261 3191; x_wconf 92' lang='lat' dir='ltr'><strong>i)</strong></span> <span class='ocrx_word' id='word_1_403' title='bbox 285 3152 493 3183; x_wconf 84' lang='lat' dir='ltr'><strong>DXLVIII.</strong></span> <span class='ocrx_word' id='word_1_404' title='bbox 519 3152 618 3183; x_wconf 81' lang='lat' dir='ltr'><strong>codd.</strong></span> <span class='ocrx_word' id='word_1_405' title='bbox 707 3150 746 3191; x_wconf 92' lang='lat' dir='ltr'><strong>k)</strong></span> <span class='ocrx_word' id='word_1_406' title='bbox 769 3160 863 3182; x_wconf 78' lang='lat' dir='ltr'><strong>anno</strong></span> <span class='ocrx_word' id='word_1_407' title='bbox 887 3159 957 3181; x_wconf 91' lang='lat' dir='ltr'><strong>uno</strong></span> <span class='ocrx_word' id='word_1_408' title='bbox 980 3150 1010 3180; x_wconf 91' lang='lat' dir='ltr'><strong>A</strong></span> <span class='ocrx_word' id='word_1_409' title='bbox 1027 3152 1057 3181; x_wconf 89' lang='grc'><strong>2.</strong></span> <span class='ocrx_word' id='word_1_410' title='bbox 1138 3149 1165 3190; x_wconf 93' lang='lat' dir='ltr'><strong>l)</strong></span> <span class='ocrx_word' id='word_1_411' title='bbox 1188 3159 1313 3187; x_wconf 86' lang='lat' dir='ltr'><strong>cyrum</strong></span> <span class='ocrx_word' id='word_1_412' title='bbox 1337 3150 1368 3180; x_wconf 91' lang='lat' dir='ltr'><strong>A</strong></span> <span class='ocrx_word' id='word_1_413' title='bbox 1383 3151 1413 3181; x_wconf 85' lang='lat'><strong>2.</strong></span> <span class='ocrx_word' id='word_1_414' title='bbox 1494 3150 1543 3188; x_wconf 88' lang='lat' dir='ltr'><strong>m)</strong></span> <span class='ocrx_word' id='word_1_415' title='bbox 1568 3150 1747 3180; x_wconf 82' lang='lat' dir='ltr'><strong>abiectum</strong></span> <span class='ocrx_word' id='word_1_416' title='bbox 1771 3150 1802 3180; x_wconf 98' lang='lat' dir='ltr'><strong>A</strong></span> <span class='ocrx_word' id='word_1_417' title='bbox 1819 3152 1849 3181; x_wconf 80' lang='grc'><strong>2.</strong></span> <span class='ocrx_word' id='word_1_418' title='bbox 1928 3150 1966 3189; x_wconf 88' lang='grc'><strong>11)</strong></span> <span class='ocrx_word' id='word_1_419' title='bbox 1991 3151 2103 3181; x_wconf 82' lang='lat' dir='ltr'><strong>arthe-</strong></span> 
     </span>
     <span class='ocr_line' id='line_1_47' title="bbox 234 3192 2103 3234; baseline -0.001 -9"><span class='ocrx_word' id='word_1_420' title='bbox 234 3195 328 3225; x_wconf 87' lang='lat' dir='ltr'><strong>mius</strong></span> <span class='ocrx_word' id='word_1_421' title='bbox 353 3195 384 3225; x_wconf 91' lang='lat' dir='ltr'><em>B</em></span> <span class='ocrx_word' id='word_1_422' title='bbox 399 3196 431 3228; x_wconf 88' lang='grc'><strong>2.</strong></span> <span class='ocrx_word' id='word_1_423' title='bbox 453 3195 488 3226; x_wconf 88' lang='grc'><strong>3.</strong></span> <span class='ocrx_word' id='word_1_424' title='bbox 574 3194 608 3233; x_wconf 91' lang='lat' dir='ltr'><strong>o)</strong></span> <span class='ocrx_word' id='word_1_425' title='bbox 640 3193 721 3225; x_wconf 89' lang='lat' dir='ltr'><strong>DL.</strong></span> <span class='ocrx_word' id='word_1_426' title='bbox 745 3193 844 3224; x_wconf 83' lang='lat' dir='ltr'><strong>codd.</strong></span> <span class='ocrx_word' id='word_1_427' title='bbox 932 3194 970 3234; x_wconf 86' lang='lat' dir='ltr'><strong>p)</strong></span> <span class='ocrx_word' id='word_1_428' title='bbox 1001 3192 1105 3223; x_wconf 82' lang='lat' dir='ltr'><strong>annis</strong></span> <span class='ocrx_word' id='word_1_429' title='bbox 1129 3192 1242 3223; x_wconf 88' lang='lat' dir='ltr'><strong>tribus</strong></span> <span class='ocrx_word' id='word_1_430' title='bbox 1269 3192 1299 3223; x_wconf 88' lang='lat' dir='ltr'><strong><em>A</em></strong></span> <span class='ocrx_word' id='word_1_431' title='bbox 1316 3194 1348 3224; x_wconf 83' lang='lat'><strong>2.</strong></span> <span class='ocrx_word' id='word_1_432' title='bbox 1443 3192 1479 3231; x_wconf 87' lang='lat' dir='ltr'><strong>q)</strong></span> <span class='ocrx_word' id='word_1_433' title='bbox 1510 3193 1706 3223; x_wconf 83' lang='lat' dir='ltr'><strong>exarchum</strong></span> <span class='ocrx_word' id='word_1_434' title='bbox 1729 3192 1759 3223; x_wconf 87' lang='lat' dir='ltr'><strong><em>A</em></strong></span> <span class='ocrx_word' id='word_1_435' title='bbox 1775 3194 1806 3223; x_wconf 83' lang='lat'><strong>2.</strong></span> <span class='ocrx_word' id='word_1_436' title='bbox 1896 3192 1927 3231; x_wconf 93' lang='lat' dir='ltr'><strong>r)</strong></span> <span class='ocrx_word' id='word_1_437' title='bbox 1958 3192 2103 3223; x_wconf 80' lang='lat' dir='ltr'><strong>chatho-</strong></span> 
     </span>
     <span class='ocr_line' id='line_1_48' title="bbox 233 3233 2103 3276; baseline -0.002 -8"><span class='ocrx_word' id='word_1_438' title='bbox 233 3237 326 3268; x_wconf 85' lang='lat' dir='ltr'><strong>licae</strong></span> <span class='ocrx_word' id='word_1_439' title='bbox 349 3237 380 3267; x_wconf 90' lang='lat' dir='ltr'><strong><em>B</em></strong></span> <span class='ocrx_word' id='word_1_440' title='bbox 396 3238 428 3268; x_wconf 88' lang='grc'><strong>3.</strong></span> <span class='ocrx_word' id='word_1_441' title='bbox 532 3235 563 3275; x_wconf 83' lang='lat' dir='ltr'><strong>s)</strong></span> <span class='ocrx_word' id='word_1_442' title='bbox 585 3237 779 3267; x_wconf 76' lang='lat' dir='ltr'><strong>braxianae</strong></span> <span class='ocrx_word' id='word_1_443' title='bbox 803 3237 835 3266; x_wconf 91' lang='lat' dir='ltr'><strong><em>B</em></strong></span> <span class='ocrx_word' id='word_1_444' title='bbox 851 3237 883 3266; x_wconf 83' lang='lat'><strong>2.</strong></span> <span class='ocrx_word' id='word_1_445' title='bbox 986 3233 1014 3276; x_wconf 88' lang='lat' dir='ltr'><strong>t)</strong></span> <span class='ocrx_word' id='word_1_446' title='bbox 1037 3235 1128 3266; x_wconf 79' lang='lat' dir='ltr'><strong>deest</strong></span> <span class='ocrx_word' id='word_1_447' title='bbox 1151 3234 1182 3265; x_wconf 95' lang='lat' dir='ltr'><strong>A</strong></span> <span class='ocrx_word' id='word_1_448' title='bbox 1198 3235 1228 3265; x_wconf 90' lang='grc'><strong>2.</strong></span> <span class='ocrx_word' id='word_1_449' title='bbox 1328 3233 1366 3275; x_wconf 91' lang='grc'><strong>11)</strong></span> <span class='ocrx_word' id='word_1_450' title='bbox 1389 3237 1425 3265; x_wconf 85' lang='lat' dir='ltr'><strong>et</strong></span> <span class='ocrx_word' id='word_1_451' title='bbox 1447 3239 1532 3266; x_wconf 83' lang='lat' dir='ltr'><strong>tunc</strong></span> <span class='ocrx_word' id='word_1_452' title='bbox 1557 3234 1763 3266; x_wconf 74' lang='lat' dir='ltr'><strong>aedificavit</strong></span> <span class='ocrx_word' id='word_1_453' title='bbox 1786 3235 1816 3265; x_wconf 91' lang='lat' dir='ltr'><strong>A</strong></span> <span class='ocrx_word' id='word_1_454' title='bbox 1832 3237 1863 3265; x_wconf 83' lang='grc'><strong>2.</strong></span> <span class='ocrx_word' id='word_1_455' title='bbox 1963 3236 2001 3274; x_wconf 79' lang='grc' dir='ltr'><strong>ν)</strong></span> <span class='ocrx_word' id='word_1_456' title='bbox 2024 3243 2103 3273; x_wconf 82' lang='lat' dir='ltr'><strong>ger-</strong></span> 
     </span>
     <span class='ocr_line' id='line_1_49' title="bbox 234 3277 1878 3318; baseline -0.001 -9"><span class='ocrx_word' id='word_1_457' title='bbox 234 3279 354 3309; x_wconf 83' lang='lat' dir='ltr'><strong>mania</strong></span> <span class='ocrx_word' id='word_1_458' title='bbox 376 3279 407 3309; x_wconf 92' lang='lat' dir='ltr'><strong>A</strong></span> <span class='ocrx_word' id='word_1_459' title='bbox 424 3280 454 3309; x_wconf 85' lang='lat'><strong>2.</strong></span> <span class='ocrx_word' id='word_1_460' title='bbox 544 3279 590 3318; x_wconf 86' lang='lat' dir='ltr'><strong>w)</strong></span> <span class='ocrx_word' id='word_1_461' title='bbox 616 3279 833 3318; x_wconf 81' lang='lat' dir='ltr'><strong>ewangelica</strong></span> <span class='ocrx_word' id='word_1_462' title='bbox 855 3279 887 3308; x_wconf 90' lang='lat' dir='ltr'><em>B</em></span> <span class='ocrx_word' id='word_1_463' title='bbox 904 3278 936 3308; x_wconf 82' lang='lat'><strong>2.</strong></span> <span class='ocrx_word' id='word_1_464' title='bbox 1024 3281 1060 3313; x_wconf 83' lang='lat' dir='ltr'><strong>x)</strong></span> <span class='ocrx_word' id='word_1_465' title='bbox 1085 3277 1243 3308; x_wconf 79' lang='lat' dir='ltr'><strong>Karolus</strong></span> <span class='ocrx_word' id='word_1_466' title='bbox 1266 3277 1297 3307; x_wconf 91' lang='lat' dir='ltr'><strong>A</strong></span> <span class='ocrx_word' id='word_1_467' title='bbox 1313 3278 1332 3307; x_wconf 85' lang='lat'><strong><em>2</em></strong></span> <span class='ocrx_word' id='word_1_468' title='bbox 1355 3287 1498 3317; x_wconf 73' lang='lat' dir='ltr'><strong>semper.</strong></span> <span class='ocrx_word' id='word_1_469' title='bbox 1587 3280 1625 3318; x_wconf 80' lang='lat' dir='ltr'><strong>y)</strong></span> <span class='ocrx_word' id='word_1_470' title='bbox 1648 3278 1810 3308; x_wconf 81' lang='lat' dir='ltr'><strong>tirannus</strong></span> <span class='ocrx_word' id='word_1_471' title='bbox 1836 3278 1878 3308; x_wconf 88' lang='lat' dir='ltr'><strong>B.</strong></span> 
     </span>
    </p>
   </div>
   <div class='ocr_carea' id='block_1_17' title="bbox 236 3375 2100 3534">
    <p class='ocr_par' dir='ltr' id='par_1_17' title="bbox 236 3375 2100 3534">
     <span class='ocr_line' id='line_1_50' title="bbox 237 3375 2100 3433; baseline 0 -12"><span class='ocrx_word' id='word_1_472' title='bbox 237 3379 279 3429; x_wconf 89' lang='lat'><strong>1)</strong></span> <span class='ocrx_word' id='word_1_473' title='bbox 323 3379 411 3429; x_wconf 77' lang='lat' dir='ltr'><strong>Qui</strong></span> <span class='ocrx_word' id='word_1_474' title='bbox 434 3391 520 3431; x_wconf 75' lang='lat' dir='ltr'><strong>pro</strong></span> <span class='ocrx_word' id='word_1_475' title='bbox 545 3380 678 3433; x_wconf 79' lang='lat' dir='ltr'><strong>pleno</strong></span> <span class='ocrx_word' id='word_1_476' title='bbox 709 3391 828 3421; x_wconf 76' lang='lat' dir='ltr'><strong>anno</strong></span> <span class='ocrx_word' id='word_1_477' title='bbox 858 3383 1157 3421; x_wconf 75' lang='lat' dir='ltr'><strong>numerantur</strong></span> <span class='ocrx_word' id='word_1_478' title='bbox 1168 3393 1181 3429; x_wconf 89' lang='lat'><em>;</em></span> <span class='ocrx_word' id='word_1_479' title='bbox 1215 3377 1272 3429; x_wconf 77' lang='lat' dir='ltr'><strong>cf.</strong></span> <span class='ocrx_word' id='word_1_480' title='bbox 1304 3391 1346 3420; x_wconf 85' lang='lat' dir='ltr'><strong>a.</strong></span> <span class='ocrx_word' id='word_1_481' title='bbox 1371 3378 1466 3420; x_wconf 83' lang='grc'><strong>575.</strong></span> <span class='ocrx_word' id='word_1_482' title='bbox 1594 3376 1637 3427; x_wconf 87' lang='grc'><strong>2)</strong></span> <span class='ocrx_word' id='word_1_483' title='bbox 1682 3377 1764 3420; x_wconf 87' lang='grc'><strong>653</strong></span> <span class='ocrx_word' id='word_1_484' title='bbox 1788 3393 1843 3411; x_wconf 93' lang='lat'><strong><em>=</em></strong></span> <span class='ocrx_word' id='word_1_485' title='bbox 1865 3377 1948 3419; x_wconf 86' lang='grc'><strong>650</strong></span> <span class='ocrx_word' id='word_1_486' title='bbox 1973 3375 2026 3422; x_wconf 66' lang='lat' dir='ltr'><strong>-l-</strong></span> <span class='ocrx_word' id='word_1_487' title='bbox 2050 3376 2100 3421; x_wconf 69' lang='lat'><strong>3³</strong></span> 
     </span>
     <span class='ocr_line' id='line_1_51' title="bbox 237 3429 2100 3487; baseline -0.003 -11"><span class='ocrx_word' id='word_1_488' title='bbox 237 3433 294 3486; x_wconf 78' lang='lat' dir='ltr'><strong>cf.</strong></span> <span class='ocrx_word' id='word_1_489' title='bbox 326 3448 368 3477; x_wconf 85' lang='lat' dir='ltr'><strong>a.</strong></span> <span class='ocrx_word' id='word_1_490' title='bbox 394 3436 490 3479; x_wconf 87' lang='grc'><strong>263.</strong></span> <span class='ocrx_word' id='word_1_491' title='bbox 600 3437 643 3486; x_wconf 89' lang='grc'><strong>3)</strong></span> <span class='ocrx_word' id='word_1_492' title='bbox 675 3435 879 3478; x_wconf 77' lang='lat' dir='ltr'><strong>Annales</strong></span> <span class='ocrx_word' id='word_1_493' title='bbox 903 3434 949 3477; x_wconf 78' lang='lat' dir='ltr'><strong>S.</strong></span> <span class='ocrx_word' id='word_1_494' title='bbox 973 3434 1180 3477; x_wconf 68' lang='lat' dir='ltr'><strong>Amandc&#39;</strong></span> <span class='ocrx_word' id='word_1_495' title='bbox 1206 3433 1308 3484; x_wconf 81' lang='lat' dir='ltr'><strong>(SS.</strong></span> <span class='ocrx_word' id='word_1_496' title='bbox 1332 3434 1374 3486; x_wconf 83' lang='lat' dir='ltr'><strong>I,</strong></span> <span class='ocrx_word' id='word_1_497' title='bbox 1398 3435 1558 3484; x_wconf 76' lang='lat'><em>6—12)</em></span> <span class='ocrx_word' id='word_1_498' title='bbox 1589 3447 1630 3476; x_wconf 86' lang='grc' dir='ltr'><strong>α.</strong></span> <span class='ocrx_word' id='word_1_499' title='bbox 1656 3434 1758 3476; x_wconf 85' lang='lat'>716:</span> <span class='ocrx_word' id='word_1_500' title='bbox 1791 3430 1962 3487; x_wconf 86' lang='lat' dir='ltr'><strong>quando</strong></span> <span class='ocrx_word' id='word_1_501' title='bbox 1986 3429 2100 3472; x_wconf 86' lang='lat' dir='ltr'><strong>Bad-</strong></span> 
     </span>
     <span class='ocr_line' id='line_1_52' title="bbox 236 3489 1194 3534; baseline 0 -2"><span class='ocrx_word' id='word_1_502' title='bbox 236 3489 374 3533; x_wconf 88' lang='lat' dir='ltr'><strong>bodus</strong></span> <span class='ocrx_word' id='word_1_503' title='bbox 403 3490 526 3532; x_wconf 83' lang='lat' dir='ltr'><strong>venit</strong></span> <span class='ocrx_word' id='word_1_504' title='bbox 555 3490 602 3532; x_wconf 92' lang='lat' dir='ltr'><strong>in</strong></span> <span class='ocrx_word' id='word_1_505' title='bbox 632 3489 812 3534; x_wconf 89' lang='lat' dir='ltr'><strong>Colonia</strong></span> <span class='ocrx_word' id='word_1_506' title='bbox 842 3503 989 3532; x_wconf 86' lang='lat' dir='ltr'><strong>mense</strong></span> <span class='ocrx_word' id='word_1_507' title='bbox 1020 3490 1194 3533; x_wconf 85' lang='lat' dir='ltr'><strong>Martio.</strong></span> 
     </span>
    </p>
   </div>
   <div class='ocr_carea' id='block_1_18' title="bbox 1788 3570 1846 3612">
    <p class='ocr_par' dir='ltr' id='par_1_18' title="bbox 1788 3570 1846 3612">
     <span class='ocr_line' id='line_1_53' title="bbox 1788 3570 1846 3612; baseline 0 -19"><span class='ocrx_word' id='word_1_508' title='bbox 1788 3570 1846 3612; x_wconf 77' lang='grc'><strong>3*</strong></span> 
     </span>
    </p>
   </div>
  </div>
 </body>
</html>
