<?xml version="1.0" encoding="UTF-8"?>
<!DOCTYPE html PUBLIC "-//W3C//DTD XHTML 1.0 Transitional//EN"
    "http://www.w3.org/TR/xhtml1/DTD/xhtml1-transitional.dtd">
<html xmlns="http://www.w3.org/1999/xhtml" xml:lang="en" lang="en">
 <head>
  <title>
</title>
<meta http-equiv="Content-Type" content="text/html;charset=utf-8" />
  <meta name='ocr-system' content='tesseract 3.04.00' />
  <meta name='ocr-capabilities' content='ocr_page ocr_carea ocr_par ocr_line ocrx_word'/>
</head>
<body>
  <div class='ocr_page' id='page_1' title='image "./reginonisabbatis00regiuoft_0088.png"; bbox 0 0 2491 3724; ppageno 0'>
   <div class='ocr_carea' id='block_1_1' title="bbox 372 159 1867 206">
    <p class='ocr_par' dir='ltr' id='par_1_1' title="bbox 372 159 1867 206">
     <span class='ocr_line' id='line_1_1' title="bbox 372 159 1867 206; baseline -0.002 0"><span class='ocrx_word' id='word_1_1' title='bbox 372 164 427 206; x_wconf 78' lang='lat'>64</span> <span class='ocrx_word' id='word_1_2' title='bbox 753 161 1082 206; x_wconf 84' lang='lat' dir='ltr'><strong>REGINONIS</strong></span> <span class='ocrx_word' id='word_1_3' title='bbox 1113 159 1477 204; x_wconf 85' lang='lat' dir='ltr'>CHRONICON.</span> <span class='ocrx_word' id='word_1_4' title='bbox 1538 159 1589 203; x_wconf 88' lang='lat' dir='ltr'>A.</span> <span class='ocrx_word' id='word_1_5' title='bbox 1615 163 1867 206; x_wconf 77' lang='lat'>803-804.</span> 
     </span>
    </p>
   </div>
   <div class='ocr_carea' id='block_1_2' title="bbox 111 284 2472 1135">
    <p class='ocr_par' dir='ltr' id='par_1_2' title="bbox 111 284 2472 906">
     <span class='ocr_line' id='line_1_2' title="bbox 111 284 2247 342; baseline -0 -12"><span class='ocrx_word' id='word_1_6' title='bbox 111 300 208 330; x_wconf 80' lang='lat' dir='ltr'>Anu.</span> <span class='ocrx_word' id='word_1_7' title='bbox 236 299 345 331; x_wconf 78' lang='lat' dir='ltr'>Laur.</span> <span class='ocrx_word' id='word_1_8' title='bbox 516 289 664 333; x_wconf 90' lang='lat' dir='ltr'>Anno</span> <span class='ocrx_word' id='word_1_9' title='bbox 705 289 1005 332; x_wconf 82' lang='lat' dir='ltr'>dominicae</span> <span class='ocrx_word' id='word_1_10' title='bbox 1044 285 1447 329; x_wconf 84' lang='lat' dir='ltr'>incarnationis</span> <span class='ocrx_word' id='word_1_11' title='bbox 1478 284 1714 330; x_wconf 86' lang='lat' dir='ltr'>DCCCIII.</span> <span class='ocrx_word' id='word_1_12' title='bbox 1753 290 1900 331; x_wconf 88' lang='lat' dir='ltr'>terrae</span> <span class='ocrx_word' id='word_1_13' title='bbox 1932 289 2076 330; x_wconf 90' lang='lat' dir='ltr'>motus</span> <span class='ocrx_word' id='word_1_14' title='bbox 2108 286 2247 342; x_wconf 84' lang='lat' dir='ltr'><strong>Aquis</strong></span> 
     </span>
     <span class='ocr_line' id='line_1_3' title="bbox 371 342 2248 401; baseline -0.002 -11"><span class='ocrx_word' id='word_1_15' title='bbox 371 347 554 401; x_wconf 89' lang='lat' dir='ltr'>palatio</span> <span class='ocrx_word' id='word_1_16' title='bbox 585 346 728 389; x_wconf 85' lang='lat' dir='ltr'>factus</span> <span class='ocrx_word' id='word_1_17' title='bbox 761 349 829 389; x_wconf 90' lang='lat' dir='ltr'>est</span> <span class='ocrx_word' id='word_1_18' title='bbox 853 348 903 389; x_wconf 88' lang='lat' dir='ltr'>et</span> <span class='ocrx_word' id='word_1_19' title='bbox 925 344 1179 387; x_wconf 72' lang='lat' dir='ltr'>mortalitas</span> <span class='ocrx_word' id='word_1_20' title='bbox 1204 342 1439 385; x_wconf 89' lang='lat' dir='ltr'>subsecuta</span> <span class='ocrx_word' id='word_1_21' title='bbox 1463 344 1577 386; x_wconf 90' lang='lat' dir='ltr'>est*.</span> <span class='ocrx_word' id='word_1_22' title='bbox 1623 344 1900 398; x_wconf 73' lang='lat' dir='ltr'>Winigisusa</span> <span class='ocrx_word' id='word_1_23' title='bbox 1931 358 1956 387; x_wconf 90' lang='lat' dir='ltr'>a</span> <span class='ocrx_word' id='word_1_24' title='bbox 1986 343 2248 387; x_wconf 81' lang='lat' dir='ltr'>Grimaldob</span> 
     </span>
     <span class='ocr_line' id='line_1_4' title="bbox 371 398 2472 455; baseline -0.003 -8"><span class='ocrx_word' id='word_1_25' title='bbox 371 403 570 447; x_wconf 88' lang='lat' dir='ltr'>redditus</span> <span class='ocrx_word' id='word_1_26' title='bbox 603 406 710 446; x_wconf 78' lang='lat' dir='ltr'>este.</span> <span class='ocrx_word' id='word_1_27' title='bbox 779 402 906 445; x_wconf 86' lang='lat' dir='ltr'>Missi</span> <span class='ocrx_word' id='word_1_28' title='bbox 936 400 1218 454; x_wconf 89' lang='lat' dir='ltr'>imperatoris</span> <span class='ocrx_word' id='word_1_29' title='bbox 1253 398 1307 442; x_wconf 83' lang='lat' dir='ltr'>*a</span> <span class='ocrx_word' id='word_1_30' title='bbox 1338 398 1724 453; x_wconf 78' lang='lat' dir='ltr'>Constantinopoli</span> <span class='ocrx_word' id='word_1_31' title='bbox 1754 401 1988 455; x_wconf 81' lang='lat' dir='ltr'>regressi</span> <span class='ocrx_word' id='word_1_32' title='bbox 2017 400 2172 451; x_wconf 77' lang='lat' dir='ltr'>suntd,</span> <span class='ocrx_word' id='word_1_33' title='bbox 2204 403 2250 443; x_wconf 89' lang='lat' dir='ltr'>et</span> <span class='ocrx_word' id='word_1_34' title='bbox 2275 407 2291 424; x_wconf 85' lang='lat'>*</span> <span class='ocrx_word' id='word_1_35' title='bbox 2311 407 2472 448; x_wconf 77' lang='lat' dir='ltr'>p.563b.</span> 
     </span>
     <span class='ocr_line' id='line_1_5' title="bbox 371 455 2249 513; baseline -0.002 -10"><span class='ocrx_word' id='word_1_36' title='bbox 371 462 585 503; x_wconf 85' lang='lat' dir='ltr'>venerunt</span> <span class='ocrx_word' id='word_1_37' title='bbox 617 474 715 502; x_wconf 86' lang='lat' dir='ltr'>cum</span> <span class='ocrx_word' id='word_1_38' title='bbox 747 459 809 502; x_wconf 89' lang='lat' dir='ltr'>eis</span> <span class='ocrx_word' id='word_1_39' title='bbox 841 458 985 513; x_wconf 84' lang='lat' dir='ltr'>legati</span> <span class='ocrx_word' id='word_1_40' title='bbox 1008 455 1295 499; x_wconf 77' lang='lat' dir='ltr'>Nichoforie</span> <span class='ocrx_word' id='word_1_41' title='bbox 1326 456 1621 509; x_wconf 86' lang='lat' dir='ltr'>imperatoris,</span> <span class='ocrx_word' id='word_1_42' title='bbox 1654 457 1730 512; x_wconf 91' lang='lat' dir='ltr'>qui</span> <span class='ocrx_word' id='word_1_43' title='bbox 1760 459 1867 500; x_wconf 88' lang='lat' dir='ltr'>tunc</span> <span class='ocrx_word' id='word_1_44' title='bbox 1897 470 1989 499; x_wconf 88' lang='lat' dir='ltr'>rem</span> <span class='ocrx_word' id='word_1_45' title='bbox 2021 457 2249 510; x_wconf 80' lang='lat' dir='ltr'>publicam</span> 
     </span>
     <span class='ocr_line' id='line_1_6' title="bbox 372 512 2248 572; baseline -0.002 -12"><span class='ocrx_word' id='word_1_46' title='bbox 372 517 578 572; x_wconf 84' lang='lat' dir='ltr'>regebat3</span> <span class='ocrx_word' id='word_1_47' title='bbox 612 530 795 572; x_wconf 89' lang='lat' dir='ltr'>quorum</span> <span class='ocrx_word' id='word_1_48' title='bbox 820 515 949 558; x_wconf 88' lang='lat' dir='ltr'>haec</span> <span class='ocrx_word' id='word_1_49' title='bbox 973 516 1098 556; x_wconf 88' lang='lat' dir='ltr'>sunt</span> <span class='ocrx_word' id='word_1_50' title='bbox 1121 514 1321 556; x_wconf 89' lang='lat' dir='ltr'>nomina:</span> <span class='ocrx_word' id='word_1_51' title='bbox 1354 512 1607 556; x_wconf 85' lang='lat' dir='ltr'>Michahelf</span> <span class='ocrx_word' id='word_1_52' title='bbox 1635 513 1877 567; x_wconf 86' lang='lat' dir='ltr'>episcopus,</span> <span class='ocrx_word' id='word_1_53' title='bbox 1910 513 2070 556; x_wconf 86' lang='lat' dir='ltr'>Petrus</span> <span class='ocrx_word' id='word_1_54' title='bbox 2096 513 2248 558; x_wconf 84' lang='lat' dir='ltr'>abbas.</span> 
     </span>
     <span class='ocr_line' id='line_1_7' title="bbox 373 568 2249 623; baseline -0.003 -6"><span class='ocrx_word' id='word_1_55' title='bbox 373 573 598 617; x_wconf 68' lang='lat' dir='ltr'>Calistusg</span> <span class='ocrx_word' id='word_1_56' title='bbox 629 577 681 616; x_wconf 89' lang='lat' dir='ltr'>et</span> <span class='ocrx_word' id='word_1_57' title='bbox 712 569 1028 615; x_wconf 80' lang='lat' dir='ltr'>Candidatusl.</span> <span class='ocrx_word' id='word_1_58' title='bbox 1098 568 1182 621; x_wconf 79' lang='lat' dir='ltr'>Qui</span> <span class='ocrx_word' id='word_1_59' title='bbox 1213 572 1427 612; x_wconf 81' lang='lat' dir='ltr'>venerunt</span> <span class='ocrx_word' id='word_1_60' title='bbox 1466 568 1522 611; x_wconf 90' lang='lat' dir='ltr'>ad</span> <span class='ocrx_word' id='word_1_61' title='bbox 1553 570 1867 623; x_wconf 76' lang='lat' dir='ltr'>imperatorem</span> <span class='ocrx_word' id='word_1_62' title='bbox 1897 570 1945 612; x_wconf 89' lang='lat' dir='ltr'>in</span> <span class='ocrx_word' id='word_1_63' title='bbox 1974 569 2249 613; x_wconf 77' lang='lat' dir='ltr'>Germaniah</span> 
     </span>
     <span class='ocr_line' id='line_1_8' title="bbox 372 625 2249 684; baseline -0.003 -11"><span class='ocrx_word' id='word_1_64' title='bbox 372 644 502 684; x_wconf 87' lang='lat' dir='ltr'>super</span> <span class='ocrx_word' id='word_1_65' title='bbox 531 630 715 672; x_wconf 82' lang='lat' dir='ltr'>fluvium</span> <span class='ocrx_word' id='word_1_66' title='bbox 747 629 851 671; x_wconf 79' lang='lat' dir='ltr'>Sala</span> <span class='ocrx_word' id='word_1_67' title='bbox 882 629 928 670; x_wconf 93' lang='lat' dir='ltr'>in</span> <span class='ocrx_word' id='word_1_68' title='bbox 958 629 1064 677; x_wconf 89' lang='lat' dir='ltr'>loco,</span> <span class='ocrx_word' id='word_1_69' title='bbox 1105 627 1181 682; x_wconf 88' lang='lat' dir='ltr'>qui</span> <span class='ocrx_word' id='word_1_70' title='bbox 1213 626 1378 669; x_wconf 84' lang='lat' dir='ltr'>dicitur</span> <span class='ocrx_word' id='word_1_71' title='bbox 1410 626 1525 676; x_wconf 85' lang='lat' dir='ltr'>Salz,</span> <span class='ocrx_word' id='word_1_72' title='bbox 1565 629 1610 670; x_wconf 91' lang='lat' dir='ltr'>et</span> <span class='ocrx_word' id='word_1_73' title='bbox 1648 628 1829 680; x_wconf 89' lang='lat' dir='ltr'>pactum</span> <span class='ocrx_word' id='word_1_74' title='bbox 1867 625 2096 669; x_wconf 80' lang='lat' dir='ltr'>faciendae</span> <span class='ocrx_word' id='word_1_75' title='bbox 2127 627 2249 680; x_wconf 82' lang='lat' dir='ltr'>pacis</span> 
     </span>
     <span class='ocr_line' id='line_1_9' title="bbox 371 683 2250 739; baseline -0.002 -10"><span class='ocrx_word' id='word_1_76' title='bbox 371 688 417 730; x_wconf 91' lang='lat' dir='ltr'>in</span> <span class='ocrx_word' id='word_1_77' title='bbox 449 685 697 730; x_wconf 81' lang='lat' dir='ltr'>Christo2</span> <span class='ocrx_word' id='word_1_78' title='bbox 728 687 1032 739; x_wconf 86' lang='lat' dir='ltr'>susceperunt;</span> <span class='ocrx_word' id='word_1_79' title='bbox 1065 684 1166 726; x_wconf 89' lang='lat' dir='ltr'>inde</span> <span class='ocrx_word' id='word_1_80' title='bbox 1199 683 1373 726; x_wconf 84' lang='lat' dir='ltr'>dimissi</span> <span class='ocrx_word' id='word_1_81' title='bbox 1405 696 1502 726; x_wconf 87' lang='lat' dir='ltr'>cum</span> <span class='ocrx_word' id='word_1_82' title='bbox 1535 683 1726 737; x_wconf 85' lang='lat' dir='ltr'>epistola</span> <span class='ocrx_word' id='word_1_83' title='bbox 1755 683 2039 737; x_wconf 88' lang='lat' dir='ltr'>imperatoris</span> <span class='ocrx_word' id='word_1_84' title='bbox 2062 683 2250 725; x_wconf 83' lang='lat' dir='ltr'>Romam</span> 
     </span>
     <span class='ocr_line' id='line_1_10' title="bbox 372 738 2250 794; baseline -0.003 -8"><span class='ocrx_word' id='word_1_85' title='bbox 372 746 601 793; x_wconf 82' lang='lat' dir='ltr'>venerunt,</span> <span class='ocrx_word' id='word_1_86' title='bbox 640 743 764 786; x_wconf 80' lang='lat' dir='ltr'>indei</span> <span class='ocrx_word' id='word_1_87' title='bbox 804 740 1235 794; x_wconf 76' lang='lat' dir='ltr'>Constantinopolim</span> <span class='ocrx_word' id='word_1_88' title='bbox 1273 738 1538 794; x_wconf 76' lang='lat' dir='ltr'>regressik</span> <span class='ocrx_word' id='word_1_89' title='bbox 1575 741 1748 783; x_wconf 86' lang='lat' dir='ltr'>sunt.**</span> <span class='ocrx_word' id='word_1_90' title='bbox 1817 740 2069 794; x_wconf 80' lang='lat' dir='ltr'>Imperator</span> <span class='ocrx_word' id='word_1_91' title='bbox 2100 742 2250 782; x_wconf 89' lang='lat' dir='ltr'>autem</span> 
     </span>
     <span class='ocr_line' id='line_1_11' title="bbox 372 796 2251 853; baseline -0.003 -10"><span class='ocrx_word' id='word_1_92' title='bbox 372 800 650 843; x_wconf 87' lang='lat' dir='ltr'>Baioariaml</span> <span class='ocrx_word' id='word_1_93' title='bbox 680 797 983 853; x_wconf 76' lang='lat' dir='ltr'>profectus***</span> <span class='ocrx_word' id='word_1_94' title='bbox 1015 798 1283 852; x_wconf 81' lang='lat' dir='ltr'>dispositism</span> <span class='ocrx_word' id='word_1_95' title='bbox 1315 797 1676 840; x_wconf 82' lang='lat' dir='ltr'>Pannoniarumn</span> <span class='ocrx_word' id='word_1_96' title='bbox 1707 797 1849 840; x_wconf 89' lang='lat' dir='ltr'>causis</span> <span class='ocrx_word' id='word_1_97' title='bbox 1882 796 2022 852; x_wconf 87' lang='lat' dir='ltr'>Aquis</span> <span class='ocrx_word' id='word_1_98' title='bbox 2053 808 2251 839; x_wconf 83' lang='lat' dir='ltr'>reversus</span> 
     </span>
     <span class='ocr_line' id='line_1_12' title="bbox 373 854 1288 906; baseline -0.002 -8"><span class='ocrx_word' id='word_1_99' title='bbox 373 859 460 906; x_wconf 82' lang='lat' dir='ltr'>est3</span> <span class='ocrx_word' id='word_1_100' title='bbox 493 857 558 898; x_wconf 94' lang='lat' dir='ltr'>ibi</span> <span class='ocrx_word' id='word_1_101' title='bbox 589 857 787 899; x_wconf 89' lang='lat' dir='ltr'>natalem</span> <span class='ocrx_word' id='word_1_102' title='bbox 820 855 1002 898; x_wconf 89' lang='lat' dir='ltr'>Domini</span> <span class='ocrx_word' id='word_1_103' title='bbox 1033 854 1288 897; x_wconf 85' lang='lat' dir='ltr'>celebravit.</span> 
     </span>
    </p>

    <p class='ocr_par' dir='ltr' id='par_1_3' title="bbox 372 907 2254 1135">
     <span class='ocr_line' id='line_1_13' title="bbox 516 907 2252 964; baseline -0.002 -9"><span class='ocrx_word' id='word_1_104' title='bbox 516 912 665 955; x_wconf 87' lang='lat' dir='ltr'>Anno</span> <span class='ocrx_word' id='word_1_105' title='bbox 711 912 1013 955; x_wconf 86' lang='lat' dir='ltr'>dominicae</span> <span class='ocrx_word' id='word_1_106' title='bbox 1059 910 1460 953; x_wconf 88' lang='lat' dir='ltr'>incarnationis</span> <span class='ocrx_word' id='word_1_107' title='bbox 1505 908 1765 953; x_wconf 86' lang='lat' dir='ltr'>DCCCIIII.</span> <span class='ocrx_word' id='word_1_108' title='bbox 1820 910 2063 963; x_wconf 88' lang='lat' dir='ltr'>imperator</span> <span class='ocrx_word' id='word_1_109' title='bbox 2109 907 2252 964; x_wconf 85' lang='lat' dir='ltr'>Aquis</span> 
     </span>
     <span class='ocr_line' id='line_1_14' title="bbox 372 967 2251 1021; baseline -0.002 -9"><span class='ocrx_word' id='word_1_110' title='bbox 372 968 637 1019; x_wconf 82' lang='lat' dir='ltr'>hiemavit†‚</span> <span class='ocrx_word' id='word_1_111' title='bbox 670 971 841 1011; x_wconf 86' lang='lat' dir='ltr'>aestate</span> <span class='ocrx_word' id='word_1_112' title='bbox 865 981 966 1010; x_wconf 82' lang='lat' dir='ltr'>vero</span> <span class='ocrx_word' id='word_1_113' title='bbox 996 968 1043 1010; x_wconf 91' lang='lat' dir='ltr'>in</span> <span class='ocrx_word' id='word_1_114' title='bbox 1067 967 1301 1010; x_wconf 79' lang='lat' dir='ltr'>Saxoniam</span> <span class='ocrx_word' id='word_1_115' title='bbox 1333 981 1446 1009; x_wconf 91' lang='lat' dir='ltr'>cum</span> <span class='ocrx_word' id='word_1_116' title='bbox 1478 967 1673 1010; x_wconf 80' lang='lat' dir='ltr'>exercitu</span> <span class='ocrx_word' id='word_1_117' title='bbox 1702 967 1944 1021; x_wconf 88' lang='lat' dir='ltr'>perrexit</span> <span class='ocrx_word' id='word_1_118' title='bbox 1975 979 2251 1021; x_wconf 83' lang='lat' dir='ltr'>omnesque,</span> 
     </span>
     <span class='ocr_line' id='line_1_15' title="bbox 374 1022 2253 1080; baseline -0.004 -12"><span class='ocrx_word' id='word_1_119' title='bbox 374 1026 450 1080; x_wconf 89' lang='lat' dir='ltr'>qui</span> <span class='ocrx_word' id='word_1_120' title='bbox 479 1030 603 1069; x_wconf 89' lang='lat' dir='ltr'>trans</span> <span class='ocrx_word' id='word_1_121' title='bbox 628 1024 810 1068; x_wconf 88' lang='lat' dir='ltr'>Albiam</span> <span class='ocrx_word' id='word_1_122' title='bbox 843 1027 918 1067; x_wconf 83' lang='grc' dir='ltr'>31Ο</span> <span class='ocrx_word' id='word_1_123' title='bbox 949 1025 996 1066; x_wconf 91' lang='lat' dir='ltr'>in</span> <span class='ocrx_word' id='word_1_124' title='bbox 1018 1023 1275 1067; x_wconf 72' lang='lat' dir='ltr'>Wihmodip</span> <span class='ocrx_word' id='word_1_125' title='bbox 1307 1023 1590 1073; x_wconf 79' lang='lat' dir='ltr'>habitabant,</span> <span class='ocrx_word' id='word_1_126' title='bbox 1623 1024 1812 1066; x_wconf 82' lang='lat' dir='ltr'>Saxones</span> <span class='ocrx_word' id='word_1_127' title='bbox 1837 1036 1935 1065; x_wconf 90' lang='lat' dir='ltr'>cum</span> <span class='ocrx_word' id='word_1_128' title='bbox 1959 1022 2253 1066; x_wconf 79' lang='lat' dir='ltr'>mulieribusq</span> 
     </span>
     <span class='ocr_line' id='line_1_16' title="bbox 374 1078 2254 1135; baseline -0.002 -10"><span class='ocrx_word' id='word_1_129' title='bbox 374 1085 419 1125; x_wconf 87' lang='lat' dir='ltr'>et</span> <span class='ocrx_word' id='word_1_130' title='bbox 448 1082 696 1125; x_wconf 86' lang='lat' dir='ltr'>infantibus</span> <span class='ocrx_word' id='word_1_131' title='bbox 734 1081 968 1125; x_wconf 82' lang='lat' dir='ltr'>transtulit</span> <span class='ocrx_word' id='word_1_132' title='bbox 1006 1081 1052 1123; x_wconf 92' lang='lat' dir='ltr'>in</span> <span class='ocrx_word' id='word_1_133' title='bbox 1090 1078 1325 1123; x_wconf 75' lang='lat' dir='ltr'>Francia‘m</span> <span class='ocrx_word' id='word_1_134' title='bbox 1364 1082 1410 1123; x_wconf 91' lang='lat' dir='ltr'>et</span> <span class='ocrx_word' id='word_1_135' title='bbox 1446 1093 1584 1135; x_wconf 84' lang='lat' dir='ltr'>pagos</span> <span class='ocrx_word' id='word_1_136' title='bbox 1622 1080 1951 1123; x_wconf 84' lang='lat' dir='ltr'>transalbianos</span> <span class='ocrx_word' id='word_1_137' title='bbox 1990 1078 2254 1123; x_wconf 86' lang='lat' dir='ltr'>Abrotidisr</span> 
     </span>
    </p>
   </div>
   <div class='ocr_carea' id='block_1_3' title="bbox 468 1153 2253 1339">
    <p class='ocr_par' dir='ltr' id='par_1_4' title="bbox 468 1153 2253 1339">
     <span class='ocr_line' id='line_1_17' title="bbox 468 1153 2253 1235; baseline -0.002 -11"><span class='ocrx_word' id='word_1_138' title='bbox 468 1180 509 1233; x_wconf 64' lang='lat'>²⁸²)</span> <span class='ocrx_word' id='word_1_139' title='bbox 542 1181 792 1235; x_wconf 83' lang='lat' dir='ltr'>Imperator</span> <span class='ocrx_word' id='word_1_140' title='bbox 836 1183 935 1234; x_wconf 88' lang='lat' dir='ltr'>post</span> <span class='ocrx_word' id='word_1_141' title='bbox 983 1193 1115 1234; x_wconf 85' lang='lat' dir='ltr'>pasca</span> <span class='ocrx_word' id='word_1_142' title='bbox 1157 1179 1212 1222; x_wconf 87' lang='lat' dir='ltr'>ab</span> <span class='ocrx_word' id='word_1_143' title='bbox 1256 1178 1396 1235; x_wconf 87' lang='lat' dir='ltr'>Aquis</span> <span class='ocrx_word' id='word_1_144' title='bbox 1437 1178 1660 1233; x_wconf 84' lang='lat' dir='ltr'>profectus</span> <span class='ocrx_word' id='word_1_145' title='bbox 1712 1177 1769 1221; x_wconf 88' lang='lat' dir='ltr'>ad</span> <span class='ocrx_word' id='word_1_146' title='bbox 1810 1153 2253 1232; x_wconf 38' lang='lat' dir='ltr'>Magontiaffsenit</span> 
     </span>
     <span class='ocr_line' id='line_1_18' title="bbox 544 1235 2251 1339; baseline -0.002 -58"><span class='ocrx_word' id='word_1_147' title='bbox 544 1239 708 1338; x_wconf 47' lang='lat' dir='ltr'>{bliqg}</span> <span class='ocrx_word' id='word_1_148' title='bbox 726 1238 858 1339; x_wconf 56' lang='grc' dir='ltr'>3ς1&gt;ὲ1130</span> <span class='ocrx_word' id='word_1_149' title='bbox 889 1251 1007 1280; x_wconf 84' lang='grc'>111013</span> <span class='ocrx_word' id='word_1_150' title='bbox 1031 1239 1292 1280; x_wconf 74' lang='lat' dir='ltr'>conventum</span> <span class='ocrx_word' id='word_1_151' title='bbox 1317 1236 1586 1279; x_wconf 83' lang='lat' dir='ltr'>Francorum</span> <span class='ocrx_word' id='word_1_152' title='bbox 1610 1235 1769 1278; x_wconf 84' lang='lat' dir='ltr'>habuit</span> <span class='ocrx_word' id='word_1_153' title='bbox 1800 1236 1904 1279; x_wconf 79' lang='lat' dir='ltr'>add.</span> <span class='ocrx_word' id='word_1_154' title='bbox 1930 1249 2050 1278; x_wconf 78' lang='lat' dir='ltr'>man.</span> <span class='ocrx_word' id='word_1_155' title='bbox 2074 1248 2110 1279; x_wconf 86' lang='grc'>3.</span> <span class='ocrx_word' id='word_1_156' title='bbox 2136 1236 2251 1278; x_wconf 88' lang='lat' dir='ltr'><em>XII.</em></span> 
     </span>
    </p>
   </div>
   <div class='ocr_carea' id='block_1_4' title="bbox 446 1363 2254 1421">
    <p class='ocr_par' dir='ltr' id='par_1_5' title="bbox 446 1363 2254 1421">
     <span class='ocr_line' id='line_1_19' title="bbox 446 1363 2254 1421; baseline -0.002 -12"><span class='ocrx_word' id='word_1_157' title='bbox 446 1366 509 1419; x_wconf 81' lang='lat'>**)</span> <span class='ocrx_word' id='word_1_158' title='bbox 541 1366 762 1421; x_wconf 79' lang='lat' dir='ltr'>Venitque</span> <span class='ocrx_word' id='word_1_159' title='bbox 805 1365 1075 1407; x_wconf 88' lang='lat' dir='ltr'>Fortunatus</span> <span class='ocrx_word' id='word_1_160' title='bbox 1116 1363 1371 1418; x_wconf 85' lang='lat' dir='ltr'>patriarcha</span> <span class='ocrx_word' id='word_1_161' title='bbox 1413 1363 1465 1406; x_wconf 87' lang='lat' dir='ltr'>de</span> <span class='ocrx_word' id='word_1_162' title='bbox 1503 1363 1675 1414; x_wconf 77' lang='lat' dir='ltr'>Grecis,</span> <span class='ocrx_word' id='word_1_163' title='bbox 1721 1363 1906 1406; x_wconf 87' lang='lat' dir='ltr'>afferens</span> <span class='ocrx_word' id='word_1_164' title='bbox 1949 1375 2097 1406; x_wconf 90' lang='lat' dir='ltr'>secum</span> <span class='ocrx_word' id='word_1_165' title='bbox 2137 1363 2254 1406; x_wconf 81' lang='lat' dir='ltr'>inter</span> 
     </span>
    </p>
   </div>
   <div class='ocr_carea' id='block_1_5' title="bbox 546 1420 2254 1523">
    <p class='ocr_par' dir='ltr' id='par_1_6' title="bbox 546 1420 2254 1523">
     <span class='ocr_line' id='line_1_20' title="bbox 546 1420 2254 1522; baseline -0.001 -57"><span class='ocrx_word' id='word_1_166' title='bbox 546 1427 717 1522; x_wconf 51' lang='grc' dir='ltr'>33131·ῗῖ</span> <span class='ocrx_word' id='word_1_167' title='bbox 731 1421 990 1521; x_wconf 56' lang='grc' dir='ltr'>(10113Β11ἑ133</span> <span class='ocrx_word' id='word_1_168' title='bbox 1021 1424 1170 1476; x_wconf 89' lang='lat' dir='ltr'>portas</span> <span class='ocrx_word' id='word_1_169' title='bbox 1203 1421 1416 1463; x_wconf 87' lang='lat' dir='ltr'>eburneas</span> <span class='ocrx_word' id='word_1_170' title='bbox 1447 1421 1632 1464; x_wconf 83' lang='lat' dir='ltr'>mirifico</span> <span class='ocrx_word' id='word_1_171' title='bbox 1663 1434 1791 1474; x_wconf 90' lang='lat' dir='ltr'>opere</span> <span class='ocrx_word' id='word_1_172' title='bbox 1823 1420 2021 1474; x_wconf 90' lang='lat' dir='ltr'>sculptas</span> <span class='ocrx_word' id='word_1_173' title='bbox 2061 1420 2165 1463; x_wconf 78' lang='lat' dir='ltr'>add.</span> <span class='ocrx_word' id='word_1_174' title='bbox 2198 1435 2254 1463; x_wconf 81' lang='lat' dir='ltr'>m.</span> 
     </span>
     <span class='ocr_line' id='line_1_21' title="bbox 547 1493 946 1523; baseline -0.008 0"><span class='ocrx_word' id='word_1_175' title='bbox 547 1494 582 1523; x_wconf 83' lang='lat' dir='ltr'>s.</span> <span class='ocrx_word' id='word_1_176' title='bbox 643 1493 645 1495; x_wconf 70' lang='grc'>’</span> <span class='ocrx_word' id='word_1_177' title='bbox 718 1512 727 1521; x_wconf 92' lang='grc'>.</span> <span class='ocrx_word' id='word_1_178' title='bbox 758 1493 806 1521; x_wconf 81' lang='lat' dir='ltr'>m</span> <span class='ocrx_word' id='word_1_179' title='bbox 938 1512 946 1520; x_wconf 94' lang='lat'>.</span> 
     </span>
    </p>
   </div>
   <div class='ocr_carea' id='block_1_6' title="bbox 422 1546 2258 2231">
    <p class='ocr_par' dir='ltr' id='par_1_7' title="bbox 422 1546 2258 2231">
     <span class='ocr_line' id='line_1_22' title="bbox 422 1546 2254 1603; baseline -0.002 -9"><span class='ocrx_word' id='word_1_180' title='bbox 422 1550 511 1603; x_wconf 78' lang='lat'><em>***)</em></span> <span class='ocrx_word' id='word_1_181' title='bbox 543 1553 602 1594; x_wconf 79' lang='lat' dir='ltr'>In</span> <span class='ocrx_word' id='word_1_182' title='bbox 640 1553 684 1594; x_wconf 99' lang='grc' dir='ltr'><strong><em>Β</em></strong></span> <span class='ocrx_word' id='word_1_183' title='bbox 709 1552 735 1594; x_wconf 84' lang='lat'><strong>3</strong></span> <span class='ocrx_word' id='word_1_184' title='bbox 772 1551 865 1593; x_wconf 80' lang='lat' dir='ltr'>loco</span> <span class='ocrx_word' id='word_1_185' title='bbox 903 1562 1008 1592; x_wconf 74' lang='lat' dir='ltr'>raso</span> <span class='ocrx_word' id='word_1_186' title='bbox 1040 1562 1094 1590; x_wconf 79' lang='lat' dir='ltr'>m.</span> <span class='ocrx_word' id='word_1_187' title='bbox 1120 1561 1153 1591; x_wconf 83' lang='grc'>3.</span> <span class='ocrx_word' id='word_1_188' title='bbox 1183 1548 1301 1590; x_wconf 88' lang='lat' dir='ltr'><em>XII.</em></span> <span class='ocrx_word' id='word_1_189' title='bbox 1340 1548 1405 1591; x_wconf 75' lang='lat' dir='ltr'>ita</span> <span class='ocrx_word' id='word_1_190' title='bbox 1432 1548 1601 1601; x_wconf 70' lang='lat' dir='ltr'>peryz&#39;t:</span> <span class='ocrx_word' id='word_1_191' title='bbox 1655 1548 1936 1590; x_wconf 85' lang='lat' dir='ltr'>venationem</span> <span class='ocrx_word' id='word_1_192' title='bbox 1978 1546 2254 1591; x_wconf 85' lang='lat' dir='ltr'>bubalorum.</span> 
     </span>
     <span class='ocr_line' id='line_1_23' title="bbox 549 1604 2255 1658; baseline -0.002 -8"><span class='ocrx_word' id='word_1_193' title='bbox 549 1611 795 1650; x_wconf 83' lang='lat' dir='ltr'>ceterarum</span> <span class='ocrx_word' id='word_1_194' title='bbox 825 1606 1021 1648; x_wconf 86' lang='lat' dir='ltr'>ferarum</span> <span class='ocrx_word' id='word_1_195' title='bbox 1059 1617 1136 1658; x_wconf 91' lang='lat' dir='ltr'>per</span> <span class='ocrx_word' id='word_1_196' title='bbox 1174 1604 1339 1647; x_wconf 87' lang='lat' dir='ltr'>saltum</span> <span class='ocrx_word' id='word_1_197' title='bbox 1371 1605 1632 1647; x_wconf 87' lang='lat' dir='ltr'>Hircanium</span> <span class='ocrx_word' id='word_1_198' title='bbox 1665 1605 1870 1653; x_wconf 78' lang='lat' dir='ltr'>exercuit,</span> <span class='ocrx_word' id='word_1_199' title='bbox 1910 1606 2105 1647; x_wconf 88' lang='lat' dir='ltr'>ceterum</span> <span class='ocrx_word' id='word_1_200' title='bbox 2137 1618 2255 1647; x_wconf 81' lang='lat' dir='ltr'>exer-</span> 
     </span>
     <span class='ocr_line' id='line_1_24' title="bbox 548 1660 2255 1717; baseline -0.002 -11"><span class='ocrx_word' id='word_1_201' title='bbox 548 1665 685 1707; x_wconf 84' lang='lat' dir='ltr'>citum</span> <span class='ocrx_word' id='word_1_202' title='bbox 709 1678 787 1717; x_wconf 89' lang='lat' dir='ltr'>per</span> <span class='ocrx_word' id='word_1_203' title='bbox 811 1663 1050 1716; x_wconf 86' lang='lat' dir='ltr'>apertiores</span> <span class='ocrx_word' id='word_1_204' title='bbox 1074 1662 1166 1703; x_wconf 76' lang='lat' dir='ltr'>vias</span> <span class='ocrx_word' id='word_1_205' title='bbox 1190 1662 1254 1704; x_wconf 92' lang='lat' dir='ltr'>ire</span> <span class='ocrx_word' id='word_1_206' title='bbox 1279 1661 1494 1715; x_wconf 89' lang='lat' dir='ltr'>permisit.</span> <span class='ocrx_word' id='word_1_207' title='bbox 1537 1661 1646 1704; x_wconf 90' lang='lat' dir='ltr'>Inde</span> <span class='ocrx_word' id='word_1_208' title='bbox 1671 1661 1726 1703; x_wconf 90' lang='lat' dir='ltr'>ad</span> <span class='ocrx_word' id='word_1_209' title='bbox 1742 1660 2054 1715; x_wconf 82' lang='lat' dir='ltr'>Regenesburc</span> <span class='ocrx_word' id='word_1_210' title='bbox 2077 1662 2255 1703; x_wconf 83' lang='lat' dir='ltr'>veniens</span> 
     </span>
     <span class='ocr_line' id='line_1_25' title="bbox 549 1717 2256 1775; baseline -0.002 -12"><span class='ocrx_word' id='word_1_211' title='bbox 549 1721 775 1775; x_wconf 89' lang='lat' dir='ltr'>dispositis</span> <span class='ocrx_word' id='word_1_212' title='bbox 816 1720 897 1769; x_wconf 83' lang='grc'>1113,</span> <span class='ocrx_word' id='word_1_213' title='bbox 937 1733 1020 1774; x_wconf 89' lang='lat' dir='ltr'>que</span> <span class='ocrx_word' id='word_1_214' title='bbox 1051 1718 1186 1760; x_wconf 89' lang='lat' dir='ltr'>utilia</span> <span class='ocrx_word' id='word_1_215' title='bbox 1223 1717 1490 1760; x_wconf 80' lang='lat' dir='ltr'>videbantur</span> <span class='ocrx_word' id='word_1_216' title='bbox 1528 1731 1632 1767; x_wconf 79' lang='lat' dir='ltr'>esse,</span> <span class='ocrx_word' id='word_1_217' title='bbox 1673 1717 1911 1760; x_wconf 84' lang='lat' dir='ltr'>adventurn</span> <span class='ocrx_word' id='word_1_218' title='bbox 1950 1718 2165 1760; x_wconf 83' lang='lat' dir='ltr'>exercitus</span> <span class='ocrx_word' id='word_1_219' title='bbox 2203 1717 2256 1760; x_wconf 88' lang='lat' dir='ltr'>de</span> 
     </span>
     <span class='ocr_line' id='line_1_26' title="bbox 548 1773 2256 1828; baseline -0.002 -8"><span class='ocrx_word' id='word_1_220' title='bbox 548 1778 779 1820; x_wconf 89' lang='lat' dir='ltr'>Pannonia</span> <span class='ocrx_word' id='word_1_221' title='bbox 822 1775 1048 1819; x_wconf 85' lang='lat' dir='ltr'>redeuntis</span> <span class='ocrx_word' id='word_1_222' title='bbox 1089 1774 1434 1828; x_wconf 88' lang='lat' dir='ltr'>prestolabatur.</span> <span class='ocrx_word' id='word_1_223' title='bbox 1508 1773 1676 1826; x_wconf 80' lang='lat' dir='ltr'>Quibus</span> <span class='ocrx_word' id='word_1_224' title='bbox 1719 1774 1905 1816; x_wconf 79' lang='lat' dir='ltr'>reversis</span> <span class='ocrx_word' id='word_1_225' title='bbox 1943 1774 2119 1816; x_wconf 85' lang='lat' dir='ltr'>obviam</span> <span class='ocrx_word' id='word_1_226' title='bbox 2162 1774 2256 1816; x_wconf 87' lang='lat' dir='ltr'>illis</span> 
     </span>
     <span class='ocr_line' id='line_1_27' title="bbox 549 1830 2256 1887; baseline -0.002 -10"><span class='ocrx_word' id='word_1_227' title='bbox 549 1834 604 1877; x_wconf 88' lang='lat' dir='ltr'>ad</span> <span class='ocrx_word' id='word_1_228' title='bbox 634 1833 945 1887; x_wconf 82' lang='lat' dir='ltr'>Ragenesburc</span> <span class='ocrx_word' id='word_1_229' title='bbox 985 1832 1121 1875; x_wconf 80' lang='lat' dir='ltr'>venit.</span> <span class='ocrx_word' id='word_1_230' title='bbox 1189 1831 1261 1873; x_wconf 88' lang='lat' dir='ltr'>Ibi</span> <span class='ocrx_word' id='word_1_231' title='bbox 1295 1832 1431 1873; x_wconf 87' lang='lat' dir='ltr'>etiam</span> <span class='ocrx_word' id='word_1_232' title='bbox 1464 1844 1562 1873; x_wconf 79' lang='lat' dir='ltr'>cuni</span> <span class='ocrx_word' id='word_1_233' title='bbox 1593 1831 1685 1874; x_wconf 85' lang='lat' dir='ltr'>illis</span> <span class='ocrx_word' id='word_1_234' title='bbox 1718 1830 1867 1873; x_wconf 90' lang='lat' dir='ltr'>Zodan</span> <span class='ocrx_word' id='word_1_235' title='bbox 1903 1831 2106 1884; x_wconf 88' lang='lat' dir='ltr'>princeps</span> <span class='ocrx_word' id='word_1_236' title='bbox 2142 1830 2256 1873; x_wconf 90' lang='lat' dir='ltr'>Pan-</span> 
     </span>
     <span class='ocr_line' id='line_1_28' title="bbox 548 1887 2257 1943; baseline -0.002 -9"><span class='ocrx_word' id='word_1_237' title='bbox 548 1892 704 1934; x_wconf 88' lang='lat' dir='ltr'>noniae</span> <span class='ocrx_word' id='word_1_238' title='bbox 747 1891 926 1933; x_wconf 82' lang='lat' dir='ltr'>veniens</span> <span class='ocrx_word' id='word_1_239' title='bbox 969 1888 1228 1943; x_wconf 85' lang='lat' dir='ltr'>imperatori</span> <span class='ocrx_word' id='word_1_240' title='bbox 1270 1901 1314 1930; x_wconf 89' lang='lat' dir='ltr'>se</span> <span class='ocrx_word' id='word_1_241' title='bbox 1356 1887 1561 1930; x_wconf 90' lang='lat' dir='ltr'>tradidit.</span> <span class='ocrx_word' id='word_1_242' title='bbox 1631 1888 1766 1930; x_wconf 88' lang='lat' dir='ltr'>Multi</span> <span class='ocrx_word' id='word_1_243' title='bbox 1808 1901 1978 1943; x_wconf 88' lang='lat' dir='ltr'>quoque</span> <span class='ocrx_word' id='word_1_244' title='bbox 2023 1887 2170 1930; x_wconf 86' lang='lat' dir='ltr'>Sclavi</span> <span class='ocrx_word' id='word_1_245' title='bbox 2213 1891 2257 1931; x_wconf 91' lang='lat' dir='ltr'>et</span> 
     </span>
     <span class='ocr_line' id='line_1_29' title="bbox 549 1944 2258 2000; baseline -0.002 -10"><span class='ocrx_word' id='word_1_246' title='bbox 549 1948 670 1990; x_wconf 90' lang='lat' dir='ltr'>Huni</span> <span class='ocrx_word' id='word_1_247' title='bbox 701 1947 747 1990; x_wconf 89' lang='lat' dir='ltr'>in</span> <span class='ocrx_word' id='word_1_248' title='bbox 780 1947 931 1989; x_wconf 89' lang='lat' dir='ltr'>eodem</span> <span class='ocrx_word' id='word_1_249' title='bbox 963 1947 1182 1988; x_wconf 83' lang='lat' dir='ltr'>conventu</span> <span class='ocrx_word' id='word_1_250' title='bbox 1214 1944 1393 1987; x_wconf 86' lang='lat' dir='ltr'>fuerunt</span> <span class='ocrx_word' id='word_1_251' title='bbox 1433 1946 1478 1988; x_wconf 86' lang='lat' dir='ltr'>et</span> <span class='ocrx_word' id='word_1_252' title='bbox 1508 1958 1552 1987; x_wconf 93' lang='grc'>33</span> <span class='ocrx_word' id='word_1_253' title='bbox 1585 1958 1682 1987; x_wconf 88' lang='grc'>311111</span> <span class='ocrx_word' id='word_1_254' title='bbox 1715 1945 1938 1995; x_wconf 85' lang='lat' dir='ltr'>omnibus,</span> <span class='ocrx_word' id='word_1_255' title='bbox 1980 1958 2090 2000; x_wconf 87' lang='lat' dir='ltr'>quae</span> <span class='ocrx_word' id='word_1_256' title='bbox 2121 1945 2258 1999; x_wconf 88' lang='lat' dir='ltr'>possi·</span> 
     </span>
     <span class='ocr_line' id='line_1_30' title="bbox 549 2000 2256 2058; baseline -0.002 -11"><span class='ocrx_word' id='word_1_257' title='bbox 549 2005 728 2055; x_wconf 73' lang='lat' dir='ltr'>debant,</span> <span class='ocrx_word' id='word_1_258' title='bbox 760 2003 1041 2058; x_wconf 79' lang='lat' dir='ltr'>imperatoris</span> <span class='ocrx_word' id='word_1_259' title='bbox 1073 2002 1268 2045; x_wconf 89' lang='lat' dir='ltr'>dominio</span> <span class='ocrx_word' id='word_1_260' title='bbox 1299 2001 1605 2045; x_wconf 88' lang='lat' dir='ltr'>subdiderunt.</span> <span class='ocrx_word' id='word_1_261' title='bbox 1667 2000 2023 2056; x_wconf 87' lang='lat' dir='ltr'>Constitutisque</span> <span class='ocrx_word' id='word_1_262' title='bbox 2054 2001 2256 2044; x_wconf 88' lang='lat' dir='ltr'>omnibus</span> 
     </span>
     <span class='ocr_line' id='line_1_31' title="bbox 547 2058 2255 2116; baseline -0.002 -12"><span class='ocrx_word' id='word_1_263' title='bbox 547 2061 839 2110; x_wconf 75' lang='lat' dir='ltr'>utilitatibus,</span> <span class='ocrx_word' id='word_1_264' title='bbox 873 2074 983 2116; x_wconf 87' lang='lat' dir='ltr'>quae</span> <span class='ocrx_word' id='word_1_265' title='bbox 1015 2059 1108 2102; x_wconf 86' lang='lat' dir='ltr'>illis</span> <span class='ocrx_word' id='word_1_266' title='bbox 1139 2059 1343 2112; x_wconf 87' lang='lat' dir='ltr'>partibus</span> <span class='ocrx_word' id='word_1_267' title='bbox 1374 2059 1622 2102; x_wconf 89' lang='lat' dir='ltr'>necessaria</span> <span class='ocrx_word' id='word_1_268' title='bbox 1652 2061 1793 2110; x_wconf 85' lang='lat' dir='ltr'>erant,</span> <span class='ocrx_word' id='word_1_269' title='bbox 1832 2072 1910 2112; x_wconf 88' lang='lat' dir='ltr'>per</span> <span class='ocrx_word' id='word_1_270' title='bbox 1941 2058 2255 2101; x_wconf 89' lang='lat' dir='ltr'>Alemanniam</span> 
     </span>
     <span class='ocr_line' id='line_1_32' title="bbox 551 2115 2255 2173; baseline -0.002 -12"><span class='ocrx_word' id='word_1_271' title='bbox 551 2122 595 2161; x_wconf 90' lang='lat' dir='ltr'>et</span> <span class='ocrx_word' id='word_1_272' title='bbox 625 2133 704 2173; x_wconf 88' lang='lat' dir='ltr'>per</span> <span class='ocrx_word' id='word_1_273' title='bbox 733 2117 1028 2161; x_wconf 84' lang='lat' dir='ltr'>Wormatiain</span> <span class='ocrx_word' id='word_1_274' title='bbox 1060 2116 1219 2158; x_wconf 85' lang='lat' dir='ltr'>hiemis</span> <span class='ocrx_word' id='word_1_275' title='bbox 1256 2118 1455 2170; x_wconf 88' lang='lat' dir='ltr'>tempore</span> <span class='ocrx_word' id='word_1_276' title='bbox 1495 2115 1552 2159; x_wconf 87' lang='lat' dir='ltr'>ad</span> <span class='ocrx_word' id='word_1_277' title='bbox 1583 2115 1723 2171; x_wconf 86' lang='lat' dir='ltr'>Aquis</span> <span class='ocrx_word' id='word_1_278' title='bbox 1761 2115 1980 2169; x_wconf 89' lang='lat' dir='ltr'>palatium</span> <span class='ocrx_word' id='word_1_279' title='bbox 2021 2115 2144 2158; x_wconf 84' lang='lat' dir='ltr'>venit</span> <span class='ocrx_word' id='word_1_280' title='bbox 2173 2115 2255 2158; x_wconf 89' lang='lat' dir='ltr'>ibi-</span> 
     </span>
     <span class='ocr_line' id='line_1_33' title="bbox 551 2173 1359 2231; baseline -0.006 -12"><span class='ocrx_word' id='word_1_281' title='bbox 551 2189 633 2231; x_wconf 87' lang='lat' dir='ltr'>que</span> <span class='ocrx_word' id='word_1_282' title='bbox 664 2175 862 2218; x_wconf 88' lang='lat' dir='ltr'>natalem</span> <span class='ocrx_word' id='word_1_283' title='bbox 893 2174 1074 2216; x_wconf 88' lang='lat' dir='ltr'>Domini</span> <span class='ocrx_word' id='word_1_284' title='bbox 1105 2173 1359 2215; x_wconf 84' lang='lat' dir='ltr'>celebravit.</span> 
     </span>
    </p>
   </div>
   <div class='ocr_carea' id='block_1_7' title="bbox 471 2241 2259 3151">
    <p class='ocr_par' dir='ltr' id='par_1_8' title="bbox 471 2241 2259 3151">
     <span class='ocr_line' id='line_1_34' title="bbox 471 2241 2256 2299; baseline -0.002 -11"><span class='ocrx_word' id='word_1_285' title='bbox 471 2244 516 2299; x_wconf 80' lang='lat'>†)</span> <span class='ocrx_word' id='word_1_286' title='bbox 549 2248 605 2288; x_wconf 77' lang='lat' dir='ltr'>In</span> <span class='ocrx_word' id='word_1_287' title='bbox 640 2247 683 2288; x_wconf 94' lang='grc' dir='ltr'><strong><em>Β</em></strong></span> <span class='ocrx_word' id='word_1_288' title='bbox 708 2248 734 2289; x_wconf 85' lang='grc'><strong>3</strong></span> <span class='ocrx_word' id='word_1_289' title='bbox 766 2260 884 2288; x_wconf 78' lang='lat' dir='ltr'>man.</span> <span class='ocrx_word' id='word_1_290' title='bbox 910 2258 944 2287; x_wconf 85' lang='grc'>3.</span> <span class='ocrx_word' id='word_1_291' title='bbox 969 2245 1088 2286; x_wconf 87' lang='lat' dir='ltr'><em>XII.</em></span> <span class='ocrx_word' id='word_1_292' title='bbox 1121 2244 1169 2286; x_wconf 69' lang='lat' dir='ltr'>in</span> <span class='ocrx_word' id='word_1_293' title='bbox 1201 2245 1402 2298; x_wconf 70' lang='lat' dir='ltr'>maryz&#39;ne</span> <span class='ocrx_word' id='word_1_294' title='bbox 1439 2243 1549 2286; x_wconf 80' lang='lat' dir='ltr'>haec</span> <span class='ocrx_word' id='word_1_295' title='bbox 1580 2243 1736 2285; x_wconf 70' lang='lat' dir='ltr'>addit.-</span> <span class='ocrx_word' id='word_1_296' title='bbox 1793 2244 1836 2285; x_wconf 91' lang='lat' dir='ltr'>et</span> <span class='ocrx_word' id='word_1_297' title='bbox 1869 2241 1923 2285; x_wconf 92' lang='lat' dir='ltr'>ab</span> <span class='ocrx_word' id='word_1_298' title='bbox 1957 2241 2098 2297; x_wconf 89' lang='lat' dir='ltr'>Aquis</span> <span class='ocrx_word' id='word_1_299' title='bbox 2128 2242 2256 2296; x_wconf 89' lang='lat' dir='ltr'>profi-</span> 
     </span>
     <span class='ocr_line' id='line_1_35' title="bbox 551 2298 2256 2355; baseline -0.002 -11"><span class='ocrx_word' id='word_1_300' title='bbox 551 2303 714 2345; x_wconf 86' lang='lat' dir='ltr'>ciscens</span> <span class='ocrx_word' id='word_1_301' title='bbox 759 2302 882 2344; x_wconf 73' lang='lat' dir='ltr'>venit</span> <span class='ocrx_word' id='word_1_302' title='bbox 929 2300 984 2343; x_wconf 81' lang='lat' dir='ltr'>ad</span> <span class='ocrx_word' id='word_1_303' title='bbox 1029 2300 1262 2354; x_wconf 78' lang='lat' dir='ltr'>palatium,</span> <span class='ocrx_word' id='word_1_304' title='bbox 1307 2299 1423 2355; x_wconf 91' lang='lat' dir='ltr'>quod</span> <span class='ocrx_word' id='word_1_305' title='bbox 1465 2299 1629 2341; x_wconf 82' lang='lat' dir='ltr'>dicitur</span> <span class='ocrx_word' id='word_1_306' title='bbox 1669 2298 1958 2353; x_wconf 81' lang='lat' dir='ltr'>Niumagum.</span> <span class='ocrx_word' id='word_1_307' title='bbox 2030 2298 2102 2341; x_wconf 90' lang='lat' dir='ltr'>Ibi</span> <span class='ocrx_word' id='word_1_308' title='bbox 2143 2299 2256 2341; x_wconf 85' lang='lat' dir='ltr'>veris</span> 
     </span>
     <span class='ocr_line' id='line_1_36' title="bbox 550 2355 2256 2412; baseline -0.003 -10"><span class='ocrx_word' id='word_1_309' title='bbox 550 2373 732 2402; x_wconf 87' lang='lat' dir='ltr'>manens</span> <span class='ocrx_word' id='word_1_310' title='bbox 783 2357 946 2412; x_wconf 87' lang='lat' dir='ltr'>pascha</span> <span class='ocrx_word' id='word_1_311' title='bbox 1000 2357 1135 2399; x_wconf 87' lang='lat' dir='ltr'>etiam</span> <span class='ocrx_word' id='word_1_312' title='bbox 1188 2356 1356 2399; x_wconf 84' lang='lat' dir='ltr'>ibidem</span> <span class='ocrx_word' id='word_1_313' title='bbox 1403 2356 1645 2398; x_wconf 80' lang='lat' dir='ltr'>celebravit</span> <span class='ocrx_word' id='word_1_314' title='bbox 1688 2356 2017 2410; x_wconf 87' lang='lat' dir='ltr'>incipienteque</span> <span class='ocrx_word' id='word_1_315' title='bbox 2070 2355 2256 2398; x_wconf 81' lang='lat' dir='ltr'>aestatis</span> 
     </span>
     <span class='ocr_line' id='line_1_37' title="bbox 550 2411 2255 2469; baseline -0.002 -11"><span class='ocrx_word' id='word_1_316' title='bbox 550 2419 747 2469; x_wconf 83' lang='lat' dir='ltr'>tempore</span> <span class='ocrx_word' id='word_1_317' title='bbox 780 2414 835 2457; x_wconf 86' lang='lat' dir='ltr'>ad</span> <span class='ocrx_word' id='word_1_318' title='bbox 859 2414 999 2469; x_wconf 87' lang='lat' dir='ltr'>Aquis</span> <span class='ocrx_word' id='word_1_319' title='bbox 1031 2414 1250 2467; x_wconf 86' lang='lat' dir='ltr'>palatium</span> <span class='ocrx_word' id='word_1_320' title='bbox 1274 2415 1498 2456; x_wconf 78' lang='lat' dir='ltr'>revertens</span> <span class='ocrx_word' id='word_1_321' title='bbox 1523 2413 1762 2455; x_wconf 80' lang='lat' dir='ltr'>exercitum</span> <span class='ocrx_word' id='word_1_322' title='bbox 1786 2413 1834 2454; x_wconf 89' lang='lat' dir='ltr'>in</span> <span class='ocrx_word' id='word_1_323' title='bbox 1858 2411 2093 2455; x_wconf 80' lang='lat' dir='ltr'>Saxoniani</span> <span class='ocrx_word' id='word_1_324' title='bbox 2117 2412 2255 2454; x_wconf 78' lang='lat' dir='ltr'>misit.</span> 
     </span>
     <span class='ocr_line' id='line_1_38' title="bbox 554 2468 2256 2525; baseline -0.003 -10"><span class='ocrx_word' id='word_1_325' title='bbox 554 2473 760 2515; x_wconf 87' lang='lat' dir='ltr'>Transito</span> <span class='ocrx_word' id='word_1_326' title='bbox 812 2472 933 2514; x_wconf 82' lang='lat' dir='ltr'>Reno</span> <span class='ocrx_word' id='word_1_327' title='bbox 986 2471 1237 2525; x_wconf 79' lang='lat' dir='ltr'>generalem</span> <span class='ocrx_word' id='word_1_328' title='bbox 1292 2472 1552 2513; x_wconf 80' lang='lat' dir='ltr'>conventum</span> <span class='ocrx_word' id='word_1_329' title='bbox 1605 2470 1873 2511; x_wconf 88' lang='lat' dir='ltr'>Francorum</span> <span class='ocrx_word' id='word_1_330' title='bbox 1922 2468 2082 2511; x_wconf 89' lang='lat' dir='ltr'>habuit</span> <span class='ocrx_word' id='word_1_331' title='bbox 2134 2469 2256 2511; x_wconf 80' lang='lat' dir='ltr'>iuxta</span> 
     </span>
     <span class='ocr_line' id='line_1_39' title="bbox 553 2524 2257 2583; baseline -0.003 -11"><span class='ocrx_word' id='word_1_332' title='bbox 553 2530 738 2583; x_wconf 85' lang='lat' dir='ltr'>Lippiae</span> <span class='ocrx_word' id='word_1_333' title='bbox 776 2528 966 2578; x_wconf 86' lang='lat' dir='ltr'>fontem;</span> <span class='ocrx_word' id='word_1_334' title='bbox 1005 2530 1267 2582; x_wconf 87' lang='lat' dir='ltr'>sumptoque</span> <span class='ocrx_word' id='word_1_335' title='bbox 1310 2526 1411 2569; x_wconf 85' lang='lat' dir='ltr'>inde</span> <span class='ocrx_word' id='word_1_336' title='bbox 1452 2527 1613 2569; x_wconf 87' lang='lat' dir='ltr'>itinere</span> <span class='ocrx_word' id='word_1_337' title='bbox 1655 2539 1734 2579; x_wconf 92' lang='lat' dir='ltr'>per</span> <span class='ocrx_word' id='word_1_338' title='bbox 1764 2525 1997 2568; x_wconf 78' lang='lat' dir='ltr'>Saxoniam</span> <span class='ocrx_word' id='word_1_339' title='bbox 2035 2524 2257 2579; x_wconf 83' lang='lat' dir='ltr'>profectus</span> 
     </span>
     <span class='ocr_line' id='line_1_40' title="bbox 552 2582 2257 2639; baseline -0.002 -11"><span class='ocrx_word' id='word_1_340' title='bbox 552 2589 697 2629; x_wconf 87' lang='lat' dir='ltr'>castra</span> <span class='ocrx_word' id='word_1_341' title='bbox 738 2587 933 2628; x_wconf 88' lang='lat' dir='ltr'>metatus</span> <span class='ocrx_word' id='word_1_342' title='bbox 977 2587 1043 2627; x_wconf 88' lang='lat' dir='ltr'>est</span> <span class='ocrx_word' id='word_1_343' title='bbox 1085 2585 1131 2626; x_wconf 92' lang='lat' dir='ltr'>in</span> <span class='ocrx_word' id='word_1_344' title='bbox 1171 2584 1275 2633; x_wconf 85' lang='grc'>1030,</span> <span class='ocrx_word' id='word_1_345' title='bbox 1318 2584 1394 2639; x_wconf 91' lang='lat' dir='ltr'>qui</span> <span class='ocrx_word' id='word_1_346' title='bbox 1437 2583 1600 2625; x_wconf 80' lang='lat' dir='ltr'>dicitur</span> <span class='ocrx_word' id='word_1_347' title='bbox 1644 2582 1926 2626; x_wconf 88' lang='lat' dir='ltr'>Boldonstat.</span> <span class='ocrx_word' id='word_1_348' title='bbox 1998 2582 2052 2624; x_wconf 90' lang='lat' dir='ltr'>In</span> <span class='ocrx_word' id='word_1_349' title='bbox 2097 2582 2257 2638; x_wconf 83' lang='lat' dir='ltr'>quibus</span> 
     </span>
     <span class='ocr_line' id='line_1_41' title="bbox 551 2638 2258 2694; baseline -0.002 -9"><span class='ocrx_word' id='word_1_350' title='bbox 551 2643 707 2685; x_wconf 89' lang='lat' dir='ltr'>castris</span> <span class='ocrx_word' id='word_1_351' title='bbox 748 2643 884 2685; x_wconf 86' lang='lat' dir='ltr'>etiam</span> <span class='ocrx_word' id='word_1_352' title='bbox 925 2640 1178 2684; x_wconf 71' lang='lat' dir='ltr'>sclavorum</span> <span class='ocrx_word' id='word_1_353' title='bbox 1217 2641 1437 2694; x_wconf 85' lang='lat' dir='ltr'>principes</span> <span class='ocrx_word' id='word_1_354' title='bbox 1480 2640 1719 2689; x_wconf 85' lang='lat' dir='ltr'>affuerunt,</span> <span class='ocrx_word' id='word_1_355' title='bbox 1767 2653 1950 2694; x_wconf 88' lang='lat' dir='ltr'>quorum</span> <span class='ocrx_word' id='word_1_356' title='bbox 1990 2639 2132 2681; x_wconf 84' lang='lat' dir='ltr'>causis</span> <span class='ocrx_word' id='word_1_357' title='bbox 2171 2638 2258 2681; x_wconf 89' lang='lat' dir='ltr'>dis-</span> 
     </span>
     <span class='ocr_line' id='line_1_42' title="bbox 552 2695 2257 2751; baseline -0.003 -9"><span class='ocrx_word' id='word_1_358' title='bbox 552 2701 687 2742; x_wconf 90' lang='lat' dir='ltr'>cussis</span> <span class='ocrx_word' id='word_1_359' title='bbox 728 2702 773 2741; x_wconf 87' lang='lat' dir='ltr'>et</span> <span class='ocrx_word' id='word_1_360' title='bbox 811 2697 1050 2741; x_wconf 83' lang='lat' dir='ltr'>secundum</span> <span class='ocrx_word' id='word_1_361' title='bbox 1094 2697 1329 2740; x_wconf 86' lang='lat' dir='ltr'>arbitrium</span> <span class='ocrx_word' id='word_1_362' title='bbox 1373 2697 1599 2750; x_wconf 81' lang='lat' dir='ltr'>dispositis</span> <span class='ocrx_word' id='word_1_363' title='bbox 1647 2710 1797 2751; x_wconf 87' lang='lat' dir='ltr'>regem</span> <span class='ocrx_word' id='word_1_364' title='bbox 1840 2696 1936 2738; x_wconf 90' lang='lat' dir='ltr'>illis</span> <span class='ocrx_word' id='word_1_365' title='bbox 1979 2695 2257 2739; x_wconf 88' lang='lat' dir='ltr'>Trasiconem</span> 
     </span>
     <span class='ocr_line' id='line_1_43' title="bbox 551 2751 2259 2807; baseline -0.003 -8"><span class='ocrx_word' id='word_1_366' title='bbox 551 2757 795 2799; x_wconf 85' lang='lat' dir='ltr'>constituit.</span> <span class='ocrx_word' id='word_1_367' title='bbox 866 2755 1013 2797; x_wconf 86' lang='lat' dir='ltr'>Missis</span> <span class='ocrx_word' id='word_1_368' title='bbox 1046 2754 1147 2797; x_wconf 91' lang='lat' dir='ltr'>inde</span> <span class='ocrx_word' id='word_1_369' title='bbox 1181 2753 1445 2796; x_wconf 77' lang='lat' dir='ltr'>exercitibus</span> <span class='ocrx_word' id='word_1_370' title='bbox 1484 2754 1573 2796; x_wconf 89' lang='lat' dir='ltr'>suis</span> <span class='ocrx_word' id='word_1_371' title='bbox 1605 2767 1683 2807; x_wconf 89' lang='lat' dir='ltr'>per</span> <span class='ocrx_word' id='word_1_372' title='bbox 1714 2752 1909 2795; x_wconf 85' lang='lat' dir='ltr'>diversas</span> <span class='ocrx_word' id='word_1_373' title='bbox 1947 2754 2096 2806; x_wconf 88' lang='lat' dir='ltr'>partes</span> <span class='ocrx_word' id='word_1_374' title='bbox 2128 2751 2259 2795; x_wconf 82' lang='lat' dir='ltr'>Saxo-</span> 
     </span>
     <span class='ocr_line' id='line_1_44' title="bbox 551 2809 2257 2866; baseline -0.002 -11"><span class='ocrx_word' id='word_1_375' title='bbox 551 2814 664 2865; x_wconf 88' lang='lat' dir='ltr'>niae,</span> <span class='ocrx_word' id='word_1_376' title='bbox 697 2816 791 2855; x_wconf 88' lang='lat' dir='ltr'>tam</span> <span class='ocrx_word' id='word_1_377' title='bbox 822 2811 1009 2866; x_wconf 86' lang='lat' dir='ltr'>perfidos</span> <span class='ocrx_word' id='word_1_378' title='bbox 1041 2812 1155 2860; x_wconf 84' lang='lat' dir='ltr'>iilos,</span> <span class='ocrx_word' id='word_1_379' title='bbox 1188 2824 1294 2866; x_wconf 90' lang='lat' dir='ltr'>quos</span> <span class='ocrx_word' id='word_1_380' title='bbox 1325 2810 1447 2853; x_wconf 90' lang='lat' dir='ltr'>ultra</span> <span class='ocrx_word' id='word_1_381' title='bbox 1480 2810 1661 2853; x_wconf 87' lang='lat' dir='ltr'>Albiam</span> <span class='ocrx_word' id='word_1_382' title='bbox 1692 2810 1946 2858; x_wconf 87' lang='lat' dir='ltr'>transierat,</span> <span class='ocrx_word' id='word_1_383' title='bbox 1980 2822 2112 2865; x_wconf 91' lang='lat' dir='ltr'>quam</span> <span class='ocrx_word' id='word_1_384' title='bbox 2142 2809 2257 2858; x_wconf 81' lang='lat' dir='ltr'>illos,</span> 
     </span>
     <span class='ocr_line' id='line_1_45' title="bbox 552 2866 2255 2925; baseline -0.002 -14"><span class='ocrx_word' id='word_1_385' title='bbox 552 2871 627 2925; x_wconf 90' lang='lat' dir='ltr'>qui</span> <span class='ocrx_word' id='word_1_386' title='bbox 674 2871 721 2912; x_wconf 94' lang='lat' dir='ltr'>in</span> <span class='ocrx_word' id='word_1_387' title='bbox 766 2869 988 2923; x_wconf 83' lang='lat' dir='ltr'>Wigmoti</span> <span class='ocrx_word' id='word_1_388' title='bbox 1032 2868 1274 2910; x_wconf 89' lang='lat' dir='ltr'>manebant</span> <span class='ocrx_word' id='word_1_389' title='bbox 1327 2870 1371 2910; x_wconf 84' lang='lat' dir='ltr'>et</span> <span class='ocrx_word' id='word_1_390' title='bbox 1416 2867 1722 2923; x_wconf 79' lang='lat' dir='ltr'>frequentibus</span> <span class='ocrx_word' id='word_1_391' title='bbox 1774 2866 2000 2909; x_wconf 86' lang='lat' dir='ltr'>malefitiis</span> <span class='ocrx_word' id='word_1_392' title='bbox 2046 2866 2255 2920; x_wconf 89' lang='lat' dir='ltr'>populum</span> 
     </span>
     <span class='ocr_line' id='line_1_46' title="bbox 552 2921 2257 2973; baseline -0.002 -5"><span class='ocrx_word' id='word_1_393' title='bbox 552 2926 769 2970; x_wconf 86' lang='lat' dir='ltr'>Saxonum</span> <span class='ocrx_word' id='word_1_394' title='bbox 804 2939 828 2968; x_wconf 90' lang='lat' dir='ltr'>a</span> <span class='ocrx_word' id='word_1_395' title='bbox 859 2926 931 2968; x_wconf 85' lang='lat' dir='ltr'>via</span> <span class='ocrx_word' id='word_1_396' title='bbox 961 2925 1166 2968; x_wconf 78' lang='lat' dir='ltr'>veritatis</span> <span class='ocrx_word' id='word_1_397' title='bbox 1200 2926 1472 2973; x_wconf 81' lang='lat' dir='ltr'>averterant,</span> <span class='ocrx_word' id='word_1_398' title='bbox 1513 2938 1610 2966; x_wconf 87' lang='grc'>311111</span> <span class='ocrx_word' id='word_1_399' title='bbox 1640 2923 1903 2966; x_wconf 87' lang='lat' dir='ltr'>mulieribus</span> <span class='ocrx_word' id='word_1_400' title='bbox 1936 2925 1980 2965; x_wconf 91' lang='lat' dir='ltr'>et</span> <span class='ocrx_word' id='word_1_401' title='bbox 2010 2921 2257 2965; x_wconf 83' lang='lat' dir='ltr'>infantibus</span> 
     </span>
     <span class='ocr_line' id='line_1_47' title="bbox 552 2978 2257 3035; baseline -0.004 -9"><span class='ocrx_word' id='word_1_402' title='bbox 552 2984 642 3026; x_wconf 87' lang='lat' dir='ltr'>Deo</span> <span class='ocrx_word' id='word_1_403' title='bbox 675 2983 919 3025; x_wconf 80' lang='lat' dir='ltr'>auxiliante</span> <span class='ocrx_word' id='word_1_404' title='bbox 951 2982 1282 3035; x_wconf 87' lang='lat' dir='ltr'>sapientissima</span> <span class='ocrx_word' id='word_1_405' title='bbox 1320 2980 1609 3034; x_wconf 89' lang='lat' dir='ltr'>dispositione</span> <span class='ocrx_word' id='word_1_406' title='bbox 1641 2980 1694 3023; x_wconf 92' lang='lat' dir='ltr'>de</span> <span class='ocrx_word' id='word_1_407' title='bbox 1725 2979 1914 3022; x_wconf 81' lang='lat' dir='ltr'>Saxonia</span> <span class='ocrx_word' id='word_1_408' title='bbox 1952 2992 2030 3032; x_wconf 90' lang='lat' dir='ltr'>per</span> <span class='ocrx_word' id='word_1_409' title='bbox 2062 2978 2257 3020; x_wconf 84' lang='lat' dir='ltr'>diversas</span> 
     </span>
     <span class='ocr_line' id='line_1_48' title="bbox 551 3035 2258 3093; baseline -0.003 -11"><span class='ocrx_word' id='word_1_410' title='bbox 551 3041 644 3082; x_wconf 82' lang='lat' dir='ltr'>vias</span> <span class='ocrx_word' id='word_1_411' title='bbox 699 3039 897 3093; x_wconf 86' lang='lat' dir='ltr'>dirigens</span> <span class='ocrx_word' id='word_1_412' title='bbox 949 3038 1148 3080; x_wconf 87' lang='lat' dir='ltr'>funditus</span> <span class='ocrx_word' id='word_1_413' title='bbox 1196 3038 1509 3080; x_wconf 79' lang='lat' dir='ltr'>exterminavit</span> <span class='ocrx_word' id='word_1_414' title='bbox 1563 3040 1607 3079; x_wconf 90' lang='lat' dir='ltr'>et</span> <span class='ocrx_word' id='word_1_415' title='bbox 1651 3050 1730 3090; x_wconf 93' lang='lat' dir='ltr'>per</span> <span class='ocrx_word' id='word_1_416' title='bbox 1784 3035 1956 3078; x_wconf 83' lang='lat' dir='ltr'>Gallias</span> <span class='ocrx_word' id='word_1_417' title='bbox 2003 3037 2258 3090; x_wconf 85' lang='lat' dir='ltr'>ceterasque</span> 
     </span>
     <span class='ocr_line' id='line_1_49' title="bbox 551 3091 2056 3151; baseline -0.005 -12"><span class='ocrx_word' id='word_1_418' title='bbox 551 3096 752 3150; x_wconf 84' lang='lat' dir='ltr'>regiones</span> <span class='ocrx_word' id='word_1_419' title='bbox 784 3095 914 3151; x_wconf 86' lang='lat' dir='ltr'>regni</span> <span class='ocrx_word' id='word_1_420' title='bbox 946 3096 1013 3137; x_wconf 85' lang='lat' dir='ltr'>sui</span> <span class='ocrx_word' id='word_1_421' title='bbox 1045 3095 1138 3137; x_wconf 88' lang='lat' dir='ltr'>sine</span> <span class='ocrx_word' id='word_1_422' title='bbox 1168 3094 1260 3137; x_wconf 89' lang='lat' dir='ltr'>ulla</span> <span class='ocrx_word' id='word_1_423' title='bbox 1293 3094 1457 3136; x_wconf 86' lang='lat' dir='ltr'>lesione</span> <span class='ocrx_word' id='word_1_424' title='bbox 1490 3094 1704 3136; x_wconf 76' lang='lat' dir='ltr'>exercitus</span> <span class='ocrx_word' id='word_1_425' title='bbox 1735 3093 1802 3134; x_wconf 88' lang='lat' dir='ltr'>sui</span> <span class='ocrx_word' id='word_1_426' title='bbox 1834 3091 2056 3144; x_wconf 89' lang='lat' dir='ltr'>dispersit.</span> 
     </span>
    </p>
   </div>
   <div class='ocr_carea' id='block_1_8' title="bbox 382 3189 2260 3400">
    <p class='ocr_par' dir='ltr' id='par_1_9' title="bbox 382 3189 2260 3400">
     <span class='ocr_line' id='line_1_50' title="bbox 382 3189 2260 3232; baseline -0.002 -10"><span class='ocrx_word' id='word_1_427' title='bbox 382 3192 417 3232; x_wconf 83' lang='lat' dir='ltr'>a)</span> <span class='ocrx_word' id='word_1_428' title='bbox 447 3193 661 3230; x_wconf 80' lang='lat' dir='ltr'>uuinegisus</span> <span class='ocrx_word' id='word_1_429' title='bbox 684 3194 725 3224; x_wconf 87' lang='lat' dir='ltr'>A.</span> <span class='ocrx_word' id='word_1_430' title='bbox 832 3193 868 3231; x_wconf 89' lang='lat' dir='ltr'>b)</span> <span class='ocrx_word' id='word_1_431' title='bbox 899 3192 1075 3229; x_wconf 79' lang='lat' dir='ltr'>grimoldo</span> <span class='ocrx_word' id='word_1_432' title='bbox 1101 3192 1131 3221; x_wconf 89' lang='lat' dir='ltr'><em>B</em></span> <span class='ocrx_word' id='word_1_433' title='bbox 1148 3192 1177 3222; x_wconf 76' lang='lat'>2.</span> <span class='ocrx_word' id='word_1_434' title='bbox 1282 3191 1315 3229; x_wconf 88' lang='lat' dir='ltr'>c)</span> <span class='ocrx_word' id='word_1_435' title='bbox 1348 3191 1511 3222; x_wconf 83' lang='lat' dir='ltr'>redditur</span> <span class='ocrx_word' id='word_1_436' title='bbox 1532 3192 1573 3221; x_wconf 87' lang='lat' dir='ltr'>A.</span> <span class='ocrx_word' id='word_1_437' title='bbox 1672 3189 1708 3229; x_wconf 86' lang='lat' dir='ltr'>d)</span> <span class='ocrx_word' id='word_1_438' title='bbox 1741 3191 1827 3220; x_wconf 79' lang='lat' dir='ltr'>sunt</span> <span class='ocrx_word' id='word_1_439' title='bbox 1849 3197 1944 3226; x_wconf 80' lang='lat' dir='ltr'>regr.</span> <span class='ocrx_word' id='word_1_440' title='bbox 1970 3189 2011 3222; x_wconf 90' lang='lat' dir='ltr'>A.</span> <span class='ocrx_word' id='word_1_441' title='bbox 2099 3189 2133 3226; x_wconf 85' lang='lat' dir='ltr'>e)</span> <span class='ocrx_word' id='word_1_442' title='bbox 2163 3189 2260 3219; x_wconf 80' lang='lat' dir='ltr'>nico-</span> 
     </span>
     <span class='ocr_line' id='line_1_51' title="bbox 384 3231 2256 3274; baseline -0.002 -9"><span class='ocrx_word' id='word_1_443' title='bbox 384 3235 488 3274; x_wconf 84' lang='lat' dir='ltr'>phori</span> <span class='ocrx_word' id='word_1_444' title='bbox 510 3236 540 3266; x_wconf 97' lang='lat' dir='ltr'>A</span> <span class='ocrx_word' id='word_1_445' title='bbox 559 3238 587 3267; x_wconf 96' lang='grc'>1.</span> <span class='ocrx_word' id='word_1_446' title='bbox 613 3237 650 3271; x_wconf 87' lang='grc'>3;</span> <span class='ocrx_word' id='word_1_447' title='bbox 681 3233 834 3265; x_wconf 82' lang='lat' dir='ltr'>nicofori</span> <span class='ocrx_word' id='word_1_448' title='bbox 859 3236 887 3265; x_wconf 89' lang='lat' dir='ltr'>A</span> <span class='ocrx_word' id='word_1_449' title='bbox 905 3236 935 3264; x_wconf 78' lang='lat'>2.</span> <span class='ocrx_word' id='word_1_450' title='bbox 1026 3234 1055 3272; x_wconf 78' lang='lat' dir='ltr'>f)</span> <span class='ocrx_word' id='word_1_451' title='bbox 1080 3234 1236 3265; x_wconf 85' lang='lat' dir='ltr'>michael</span> <span class='ocrx_word' id='word_1_452' title='bbox 1259 3234 1289 3264; x_wconf 89' lang='lat' dir='ltr'>A</span> <span class='ocrx_word' id='word_1_453' title='bbox 1306 3234 1335 3263; x_wconf 76' lang='lat'>2.</span> <span class='ocrx_word' id='word_1_454' title='bbox 1364 3235 1395 3263; x_wconf 83' lang='lat' dir='ltr'><em>B</em></span> <span class='ocrx_word' id='word_1_455' title='bbox 1411 3235 1441 3264; x_wconf 90' lang='grc'>3.</span> <span class='ocrx_word' id='word_1_456' title='bbox 1532 3235 1568 3271; x_wconf 85' lang='lat' dir='ltr'>g)</span> <span class='ocrx_word' id='word_1_457' title='bbox 1592 3233 1747 3263; x_wconf 80' lang='lat' dir='ltr'>calixtus</span> <span class='ocrx_word' id='word_1_458' title='bbox 1770 3232 1800 3262; x_wconf 83' lang='lat' dir='ltr'>A</span> <span class='ocrx_word' id='word_1_459' title='bbox 1819 3234 1848 3262; x_wconf 90' lang='lat'>1.</span> <span class='ocrx_word' id='word_1_460' title='bbox 1870 3233 1903 3262; x_wconf 88' lang='lat'>3.</span> <span class='ocrx_word' id='word_1_461' title='bbox 1971 3231 2008 3268; x_wconf 83' lang='lat' dir='ltr'>h&gt;</span> <span class='ocrx_word' id='word_1_462' title='bbox 2031 3231 2153 3269; x_wconf 78' lang='lat' dir='ltr'>gernia</span> <span class='ocrx_word' id='word_1_463' title='bbox 2179 3232 2209 3262; x_wconf 94' lang='lat' dir='ltr'>A</span> <span class='ocrx_word' id='word_1_464' title='bbox 2228 3234 2256 3261; x_wconf 85' lang='lat' dir='ltr'>l.</span> 
     </span>
     <span class='ocr_line' id='line_1_52' title="bbox 383 3273 2258 3317; baseline -0.002 -10"><span class='ocrx_word' id='word_1_465' title='bbox 383 3278 410 3316; x_wconf 90' lang='lat' dir='ltr'>i)</span> <span class='ocrx_word' id='word_1_466' title='bbox 440 3278 595 3316; x_wconf 87' lang='lat' dir='ltr'>indeque</span> <span class='ocrx_word' id='word_1_467' title='bbox 619 3279 660 3308; x_wconf 92' lang='lat' dir='ltr'>A.</span> <span class='ocrx_word' id='word_1_468' title='bbox 765 3276 804 3315; x_wconf 91' lang='lat' dir='ltr'>k)</span> <span class='ocrx_word' id='word_1_469' title='bbox 836 3280 920 3307; x_wconf 87' lang='lat' dir='ltr'>sunt</span> <span class='ocrx_word' id='word_1_470' title='bbox 943 3277 1082 3307; x_wconf 75' lang='lat' dir='ltr'>reversi</span> <span class='ocrx_word' id='word_1_471' title='bbox 1104 3277 1145 3306; x_wconf 86' lang='lat' dir='ltr'>A.</span> <span class='ocrx_word' id='word_1_472' title='bbox 1251 3276 1278 3313; x_wconf 90' lang='lat'>1)</span> <span class='ocrx_word' id='word_1_473' title='bbox 1308 3275 1520 3306; x_wconf 81' lang='lat' dir='ltr'>baunariam</span> <span class='ocrx_word' id='word_1_474' title='bbox 1543 3276 1584 3306; x_wconf 87' lang='lat' dir='ltr'>A.</span> <span class='ocrx_word' id='word_1_475' title='bbox 1689 3278 1738 3317; x_wconf 69' lang='lat'>132)</span> <span class='ocrx_word' id='word_1_476' title='bbox 1769 3275 1862 3312; x_wconf 91' lang='lat' dir='ltr'>disp.</span> <span class='ocrx_word' id='word_1_477' title='bbox 1880 3289 1921 3296; x_wconf 87' lang='lat'><em>—</em></span> <span class='ocrx_word' id='word_1_478' title='bbox 1938 3273 2136 3305; x_wconf 81' lang='lat' dir='ltr'>celebravit</span> <span class='ocrx_word' id='word_1_479' title='bbox 2159 3283 2258 3304; x_wconf 69' lang='lat' dir='ltr'>erasa</span> 
     </span>
     <span class='ocr_line' id='line_1_53' title="bbox 384 3315 2260 3359; baseline -0.002 -9"><span class='ocrx_word' id='word_1_480' title='bbox 384 3321 421 3350; x_wconf 81' lang='lat' dir='ltr'>in</span> <span class='ocrx_word' id='word_1_481' title='bbox 445 3320 525 3351; x_wconf 87' lang='grc' dir='ltr'>Β3.</span> <span class='ocrx_word' id='word_1_482' title='bbox 628 3320 666 3359; x_wconf 87' lang='lat' dir='ltr'>n)</span> <span class='ocrx_word' id='word_1_483' title='bbox 688 3320 951 3357; x_wconf 85' lang='lat' dir='ltr'>pannoniorum</span> <span class='ocrx_word' id='word_1_484' title='bbox 974 3320 1016 3350; x_wconf 90' lang='lat' dir='ltr'>B.</span> <span class='ocrx_word' id='word_1_485' title='bbox 1122 3318 1155 3356; x_wconf 89' lang='lat'>0)</span> <span class='ocrx_word' id='word_1_486' title='bbox 1178 3318 1270 3349; x_wconf 77' lang='lat' dir='ltr'>deest</span> <span class='ocrx_word' id='word_1_487' title='bbox 1294 3318 1335 3348; x_wconf 83' lang='lat' dir='ltr'>A.</span> <span class='ocrx_word' id='word_1_488' title='bbox 1439 3317 1477 3358; x_wconf 88' lang='lat' dir='ltr'>p)</span> <span class='ocrx_word' id='word_1_489' title='bbox 1501 3317 1664 3348; x_wconf 77' lang='lat' dir='ltr'>wicmodi</span> <span class='ocrx_word' id='word_1_490' title='bbox 1687 3318 1716 3348; x_wconf 90' lang='lat' dir='ltr'>A</span> <span class='ocrx_word' id='word_1_491' title='bbox 1733 3318 1769 3355; x_wconf 73' lang='lat'>33</span> <span class='ocrx_word' id='word_1_492' title='bbox 1801 3315 2017 3347; x_wconf 87' lang='lat' dir='ltr'>uuihmohdi</span> <span class='ocrx_word' id='word_1_493' title='bbox 2040 3317 2073 3347; x_wconf 89' lang='lat' dir='ltr'><em>B</em></span> <span class='ocrx_word' id='word_1_494' title='bbox 2088 3317 2125 3355; x_wconf 78' lang='lat'>23</span> <span class='ocrx_word' id='word_1_495' title='bbox 2158 3316 2260 3347; x_wconf 80' lang='grc'>111111)-</span> 
     </span>
     <span class='ocr_line' id='line_1_54' title="bbox 384 3360 1935 3400; baseline -0.002 -8"><span class='ocrx_word' id='word_1_496' title='bbox 384 3362 481 3393; x_wconf 81' lang='lat' dir='ltr'>modi</span> <span class='ocrx_word' id='word_1_497' title='bbox 503 3362 535 3393; x_wconf 89' lang='lat' dir='ltr'><em>B</em></span> <span class='ocrx_word' id='word_1_498' title='bbox 551 3363 581 3393; x_wconf 91' lang='lat'>3.</span> <span class='ocrx_word' id='word_1_499' title='bbox 672 3366 707 3400; x_wconf 88' lang='lat' dir='ltr'>q)</span> <span class='ocrx_word' id='word_1_500' title='bbox 731 3362 940 3392; x_wconf 82' lang='lat' dir='ltr'>muneribus</span> <span class='ocrx_word' id='word_1_501' title='bbox 968 3362 999 3391; x_wconf 85' lang='lat' dir='ltr'><em>B</em></span> <span class='ocrx_word' id='word_1_502' title='bbox 1014 3361 1043 3392; x_wconf 89' lang='lat'>3.</span> <span class='ocrx_word' id='word_1_503' title='bbox 1134 3360 1165 3400; x_wconf 91' lang='lat' dir='ltr'>r)</span> <span class='ocrx_word' id='word_1_504' title='bbox 1188 3360 1363 3391; x_wconf 79' lang='lat' dir='ltr'>abotridis</span> <span class='ocrx_word' id='word_1_505' title='bbox 1386 3360 1416 3390; x_wconf 91' lang='lat' dir='ltr'>A</span> <span class='ocrx_word' id='word_1_506' title='bbox 1435 3363 1462 3390; x_wconf 90' lang='lat'>1.</span> <span class='ocrx_word' id='word_1_507' title='bbox 1490 3361 1523 3398; x_wconf 71' lang='lat'>2;</span> <span class='ocrx_word' id='word_1_508' title='bbox 1558 3360 1729 3391; x_wconf 81' lang='lat' dir='ltr'>abodritis</span> <span class='ocrx_word' id='word_1_509' title='bbox 1753 3360 1783 3390; x_wconf 91' lang='lat' dir='ltr'>A</span> <span class='ocrx_word' id='word_1_510' title='bbox 1799 3360 1831 3390; x_wconf 89' lang='lat'>3.</span> <span class='ocrx_word' id='word_1_511' title='bbox 1858 3360 1889 3389; x_wconf 90' lang='lat' dir='ltr'><em>B</em></span> <span class='ocrx_word' id='word_1_512' title='bbox 1905 3360 1935 3390; x_wconf 90' lang='lat'>3.</span> 
     </span>
    </p>
   </div>
   <div class='ocr_carea' id='block_1_9' title="bbox 381 3429 2260 3534">
    <p class='ocr_par' dir='ltr' id='par_1_10' title="bbox 381 3429 2260 3534">
     <span class='ocr_line' id='line_1_55' title="bbox 381 3429 2260 3532; baseline -0.002 -56"><span class='ocrx_word' id='word_1_513' title='bbox 381 3435 428 3532; x_wconf 54' lang='lat'>34)</span> <span class='ocrx_word' id='word_1_514' title='bbox 467 3431 659 3532; x_wconf 76' lang='lat' dir='ltr'>CalIistus</span> <span class='ocrx_word' id='word_1_515' title='bbox 693 3431 953 3475; x_wconf 89' lang='lat' dir='ltr'>candidatus</span> <span class='ocrx_word' id='word_1_516' title='bbox 985 3431 1196 3474; x_wconf 87' lang='lat' dir='ltr'>scholaris</span> <span class='ocrx_word' id='word_1_517' title='bbox 1228 3431 1274 3472; x_wconf 92' lang='lat' dir='ltr'>in</span> <span class='ocrx_word' id='word_1_518' title='bbox 1305 3430 1474 3484; x_wconf 85' lang='lat' dir='ltr'>palatio</span> <span class='ocrx_word' id='word_1_519' title='bbox 1507 3433 1627 3474; x_wconf 62' lang='lat' dir='ltr'>Ami.</span> <span class='ocrx_word' id='word_1_520' title='bbox 1659 3433 1802 3474; x_wconf 80' lang='lat' dir='ltr'>Laur.</span> <span class='ocrx_word' id='word_1_521' title='bbox 1935 3429 1978 3482; x_wconf 78' lang='lat'>2)</span> <span class='ocrx_word' id='word_1_522' title='bbox 2018 3429 2065 3471; x_wconf 91' lang='lat' dir='ltr'>in</span> <span class='ocrx_word' id='word_1_523' title='bbox 2095 3429 2260 3482; x_wconf 88' lang='lat' dir='ltr'>scripto</span> 
     </span>
     <span class='ocr_line' id='line_1_56' title="bbox 429 3504 680 3534; baseline 0.004 -2"><span class='ocrx_word' id='word_1_524' title='bbox 429 3504 504 3533; x_wconf 76' lang='lat' dir='ltr'>rm..</span> <span class='ocrx_word' id='word_1_525' title='bbox 557 3504 680 3534; x_wconf 42' lang='lat' dir='ltr'>saur.</span> 
     </span>
    </p>
   </div>
  </div>
 </body>
</html>
