2491 3724
143 681 245 713 Rom.
264 682 294 720 2,
318 681 349 712 5.

192 1303 300 1335 Febr.
320 1304 351 1334 2.

214 1708 346 1759 (867).

374 206 428 251 88
830 202 1159 248 REGINONIS
1189 201 1553 247 CHRONICON.
1613 201 1665 246 A.
1691 204 1788 247 866.

373 333 718 387 perennitera
755 344 1011 385 permanere
1048 330 1360 384 proposuisset.
1435 328 1637 384 Igitur,
1679 329 1804 385 quia
1844 328 2052 372 monitab
2089 330 2250 371 nostra

377 396 428 433 et
466 390 653 433 crebras
700 388 1071 431 exhortationes0
1103 386 1452 440 contempsit,
1493 386 1618 441 quia
1657 386 1832 440 culpam
1870 399 1993 428 suam
2034 399 2112 428 nec
2143 384 2248 427 dum

376 447 596 502 cognovit
628 459 705 489 nec
738 443 933 487 confessa
966 446 1046 486 est
1084 456 1163 486 nec
1194 443 1329 485 missa
1359 443 1485 486 nobis
1516 443 1754 496 legatione,
1795 442 1870 498 qui
1902 456 2078 484 causam
2109 442 2254 495 ipsius

375 503 671 559 exequendam
705 501 1007 555 suscepimus,
1039 500 1214 543 veniam
1238 500 1516 553 postulavit,
1548 501 1780 553 postremo,
1813 512 1912 541 cum
1942 501 2063 542 recto
2086 498 2249 541 itinere

375 574 451 603 nos
483 560 554 603 illi
583 559 728 602 fuerat
767 557 1015 600 adeundum
1055 559 1099 599 et
1130 556 1253 599 beati
1283 555 1407 599 Petri
1445 556 1682 610 apostoli
1720 555 1932 609 suffragia
1969 554 2247 610 requirenda,

375 616 524 660 retrod
563 618 629 659 est
668 628 872 658 conversa
911 616 1010 668 post
1048 613 1287 663 Satanane‚
1330 612 1557 656 necnonf
1604 620 1660 655 ag
1703 611 2025 665 Thietbirgaeh
2067 612 2253 666 reginae

377 676 509 727 cepta
538 672 746 715 interitus
777 670 1068 714 meditatione
1099 685 1200 713 non
1231 672 1397 712 cessat:
1431 669 1552 712 cumi
1583 669 1762 724 egregio
1787 668 1985 722 apostolo
2010 667 2251 718 dicimus,

376 729 492 785 quod
530 732 682 772 contra
721 742 817 771 earn
856 726 1127 782 contraquek
1159 727 1251 770 eius
1289 726 1456 769 similes
1494 726 1640 779 sepius
1678 724 1982 779 replicandum
2020 726 2107 774 est,
2146 724 2251 779 quia

375 786 612 829 secundum
645 785 859 827 duriciam
891 798 1015 826 suam
1047 786 1092 826 et
1124 797 1195 826 cor
1225 784 1477 838 inpenitens
1517 782 1795 826 thesaurizat
1833 781 1920 824 sibi
1951 781 2060 824 iram
2102 781 2149 822 in
2179 780 2252 823 die

375 843 480 885 irae.
554 842 725 884 Idcirco
764 855 841 884 nos
885 854 982 883 eam
1028 840 1080 883 de
1112 839 1241 883 factis
1287 841 1376 882 suis
1420 838 2015 887 excommunicavimus,
2059 836 2251 880 donecl

376 899 584 942 ecclesiae
609 897 777 941 Christi
806 897 1018 952 nobisque
1049 898 1254 950 precipue
1265 897 1282 926 f
1290 930 1298 947 ,
1332 897 1408 952 qui
1433 897 1524 939 eius
1548 896 1859 950 principaliter
1882 908 2031 936 curam
2055 894 2252 948 gerimus

377 956 538 1010 quique
571 968 746 996 causam
780 954 918 1006 ipsius
958 954 1114 1008 exequi
1146 967 1193 995 ac
1224 954 1497 1009 investigare
1529 953 1763 1007 coepimus,
1803 950 2083 1001 satisfecerit,
2115 950 2250 993 donec

375 1012 512 1054 etiam
555 1024 727 1054 omnem
771 1011 1043 1052 sinistramm
1089 1010 1379 1063 suspitionem
1428 1009 1661 1052 consilium
1704 1010 1939 1052 nostrumn
1979 1006 2255 1061 suscipiensf

375 1067 558 1116 adimat,
602 1081 627 1110 a
668 1066 854 1121 pretiosi
895 1066 1086 1120 corporis
1129 1069 1175 1109 et
1216 1066 1445 1120 sanguinis
1483 1066 1664 1108 Domini
1700 1065 1980 1119 perceptione
2019 1067 2152 1120 atque
2194 1063 2250 1106 ab

375 1124 624 1167 omnimodo
662 1123 879 1166 consortio
910 1124 1087 1165 sanctae
1120 1123 1359 1166 ecclesiae0
1390 1122 1535 1165 sancti
1565 1121 1756 1176 Spiritus
1794 1122 2112 1176 beatorumque
2151 1134 2251 1174 apo-

375 1181 588 1224 stolorum
619 1180 746 1223 Petri
777 1183 821 1223 et
851 1179 983 1222 Pauli
1014 1179 1178 1222 iudicio
1217 1182 1262 1222 et
1291 1181 1467 1222 nostrae
1499 1178 1819 1222 mediocritatis
1859 1178 2159 1220 auctoritateP
2190 1176 2252 1220 fe-

375 1238 545 1281 cimusq
582 1251 798 1291 prorsus
838 1250 936 1279 cum
973 1236 1189 1278 universis
1230 1236 1518 1290 complicibus
1557 1236 1628 1278 etf
1671 1235 2118 1279 communicatoribus
2156 1232 2251 1276 fau-

377 1294 666 1350 toribusquer
696 1294 786 1336 suis
817 1307 993 1347 prorsus
1025 1295 1311 1335 extorrremss.
1382 1292 1509 1335 Hanc
1539 1292 1809 1335 sententiam
1847 1291 1960 1334 IIII.
1985 1291 2097 1334 Non.
2122 1289 2250 1333 Febr.

375 1366 400 1395 a
430 1351 556 1395 nobis
596 1351 951 1405 promulgatamt
980 1350 1262 1393 meminimus
1302 1358 1519 1405 eamqueu
1551 1350 1715 1403 scripto
1752 1348 1876 1391 vobis
1908 1347 2252 1400 destinavimus3

377 1412 421 1451 et
452 1422 505 1450 ne
537 1407 663 1451 labor
692 1411 842 1451 noster
872 1407 1017 1450 inanis
1049 1407 1359 1458 constituatur,
1393 1406 1649 1460 spiritualia
1671 1405 1899 1448 nobiscum
1923 1407 2072 1448 vestra
2095 1403 2252 1446 frater-

375 1465 494 1508 nitas
537 1465 777 1507 adversusv
817 1465 907 1506 iam
950 1463 1118 1506 dictam
1159 1463 1429 1506 moechamW
1471 1466 1516 1506 et
1558 1463 1949 1506 communicatores
1993 1462 2084 1504 eius
2129 1474 2253 1503 arma

376 1521 584 1565 sustollat
623 1525 667 1564 et
705 1522 752 1563 in
790 1520 1053 1575 parrochiaX
1084 1533 1163 1563 sua
1201 1520 1658 1563 excommunicatamy
1688 1520 1802 1562 hanc
1840 1518 2122 1574 fautoresque
2153 1530 2252 1560 suos

376 1579 480 1621 viva
521 1591 623 1621 voce
668 1577 1067 1633 unusquisquef
1108 1576 1418 1628 denunciet,
1466 1576 1600 1620 donec
1646 1579 1795 1620 nostro
1837 1575 2049 1629 specializ
2088 1573 2252 1617 iudicio

375 1635 537 1690 dignae
569 1649 614 1677 se
643 1635 977 1689 poenitentiaea
1008 1634 1282 1677 submittat'.

523 1690 764 1742 *Direxit
818 1691 1012 1741 etiamb
1067 1689 1353 1741 1101116110ο
1404 1689 1549 1756 regid
1600 1688 1743 1740 idem
1794 1686 2254 1739 reverentissimus

373 1761 615 1827 pontifex
641 1761 952 1828 epistolam¹
989 1761 1150 1812 haece
1181 1761 1564 1812 continentem:
1615 1776 1623 1793 ⁴
1637 1773 1807 1817 Audito
1838 1774 2087 1816 revertente
2118 1772 2254 1815 misso

374 1836 524 1876 nostro
564 1833 844 1876 correctionis
882 1835 999 1882 tuae,
1038 1834 1090 1874 ut
1127 1832 1194 1875 ita
1234 1831 1445 1879 dicamus,
1484 1832 1629 1882 initio,
1670 1831 1841 1885 gratias
1881 1830 1973 1872 Deo
2012 1828 2253 1883 condignas

375 1890 548 1945 egimus
581 1893 638 1941 et,
677 1892 727 1932 ut
757 1890 844 1932 tibi
876 1902 1046 1944 quoque
1078 1892 1229 1943 grates
1261 1888 1593 1942 competibilesf
1620 1888 1895 1936 referremus,
1929 1887 2126 1929 animum
2156 1899 2251 1939 pre-

372 1947 638 2001 paravimus.
701 1946 784 1989 Sed
814 1947 932 1988 heug
965 1945 1147 1988 adversa
1178 1947 1336 1988 nuntia
1366 1945 1592 1988 venientia
1622 1944 1752 1987 huius
1783 1944 2045 1986 intentionis
2077 1948 2252 1986 nostrae

371 2004 659 2058 propositum
703 2003 907 2046 celeriter
950 2003 1232 2045 obviarunth.
1314 2001 1590 2056 Quapropter
1633 2001 1846 2055 compulsi
1889 2014 2037 2043 sumus
2078 2002 2256 2042 mutare

371 2074 519 2103 vocem
559 2063 615 2110 et,
657 2060 732 2115 qui
771 2060 826 2103 ad
865 2060 1114 2116 gratiarum
1154 2060 1348 2102 actiones
1389 2060 1456 2102 osi
1488 2059 1657 2113 aperire
1697 2058 2062 2110 disposueramus,
2095 2057 2174 2100 etk
2205 2057 2253 2099 in

371 2117 518 2160 luctus
552 2119 596 2160 et
626 2117 949 2171 increpationes
991 2116 1159 2159 adhucf
1190 2115 1382 2159 officium
1421 2116 1602 2171 linguae
1642 2115 1780 2158 coacti
1815 2114 2065 2169 dirigimus.
2125 2113 2251 2155 Didi-

373 2174 511 2216 cimus
551 2174 712 2216 eniml
751 2178 808 2224 te,
850 2174 971 2229 quim
1009 2173 1179 2227 prolixo
1217 2176 1417 2227 tempore
1455 2173 1503 2215 in
1540 2172 1702 2215 scelere
1741 2185 2002 2226 permanens
2043 2170 2251 2213 ecclesiae

372 2231 489 2273 Deik
519 2244 606 2274 non
643 2230 863 2273 modicum
895 2230 1098 2280 nocuisti,
1139 2243 1293 2273 nocere
1326 2230 1467 2273 adhuc
1498 2232 1557 2280 et,
1590 2229 1665 2284 qui
1704 2229 1751 2271 in
1781 2228 1981 2271 sordibus
2014 2241 2124 2277 eras,
2163 2240 2251 2269 sor-

374 2287 548 2330 descere
573 2286 733 2337 adhuc3
767 2287 999 2343 siquidem,
1023 2289 1075 2329 ut
1098 2287 1343 2340 opinamur,
1375 2286 1462 2329 tibi
1484 2301 1572 2329 non
1596 2285 1760 2328 sufficit
1784 2285 1949 2328 solum1
1982 2283 2256 2327 adulterium

372 2347 663 2398 perpetrasse,
703 2345 790 2386 nisi
830 2357 1038 2397 apponaS,
1077 2343 1151 2385 utl
1185 2343 1344 2385 etiaml
1384 2343 1553 2386 animas
1591 2342 1820 2385 bominum
1859 2341 2043 2395 periurii
2081 2341 2254 2396 laqueis

372 2401 572 2443 irretitas
596 2401 641 2443 in
667 2404 912 2443 extremum
937 2400 1201 2454 demergasn
1224 2400 1472 2443 interitum.
1512 2399 1598 2442 Sed
1623 2398 1728 2455 quid
1753 2399 1927 2448 mirum,
1952 2399 1990 2440 si
2013 2411 2251 2452 paucorum

375 2457 606 2500 animabus
631 2466 737 2511 pei-0
761 2458 1003 2511 periurium
1029 2457 1244 2499 exitiump
1271 2457 1519 2512 adquisisti,
1552 2455 1725 2512 quando
1749 2456 1795 2497 in
1818 2458 1949 2498 tanta
1972 2454 2252 2497 sublimitate

372 2514 543 2568 positus
574 2527 653 2568 per
684 2515 932 2568 exemplum
964 2516 1068 2556 tuae
1099 2513 1325 2556 moechiae
1355 2516 1425 2556 tot
1455 2514 1683 2556 hominum
1722 2512 1850 2555 milia
1881 2513 1928 2554 in
1958 2511 2255 2566 perditionisq

374 2571 534 2614 chaosr
562 2569 959 2624 precipitaveriss‘?
1016 2570 1135 2612 Illud
1168 2573 1329 2620 autem,
1364 2570 1502 2626 quodt
1534 2569 1916 2624 Thietbirgau,
1950 2568 2076 2624 quasi
2100 2567 2253 2610 Wald-

374 2627 507 2670 radae
546 2628 851 2670 testimonium
891 2627 1059 2677 dicens,
1101 2641 1196 2670 eam
1237 2627 1370 2670 fuisse
1409 2630 1532 2670 tuam
1566 2626 1819 2681 legitimam
1858 2639 2035 2668 uxorem
2065 2624 2252 2668 volens

375 2685 451 2726 aut
482 2684 627 2727 invita
665 2683 831 2727 frustra
864 2686 1046 2726 conatur
1087 2686 1282 2727 astruere
1293 2701 1302 2734 ;
1348 2683 1738 2740 quandoquidemv
1771 2683 1894 2725 illius
1925 2682 2046 2724 nullo
2077 2695 2255 2735 prorsus

372 2740 475 2783 hinc
506 2741 760 2784 testimonio
793 2741 890 2797 quis
921 2740 1138 2796 indigeat,
1172 2754 1269 2783 cum
1294 2741 1438 2796 magis
1464 2755 1540 2784 nos
1565 2741 1632 2783 ita
1657 2740 1913 2790 sentiamus,
1947 2737 2062 2795 quod
2084 2738 2252 2781 iustum

372 2837 406 2878 a)
429 2840 662 2878 perhenniter
685 2840 714 2870 A
731 2841 762 2871 2.
823 2838 862 2878 b)
886 2839 1295 2878 monita—requirenda
1318 2839 1439 2870 desunt
1462 2838 1493 2869 A
1509 2840 1539 2870 3.
1610 2838 1643 2878 6)
1669 2838 1911 2869 exortationes
1935 2837 1966 2868 A
1982 2838 2012 2868 2.
2077 2835 2113 2875 d)
2134 2836 2255 2873 Igitur

373 2883 457 2920 quia
482 2882 607 2913 eadem
632 2882 829 2914 Waldrada
851 2885 951 2912 retro
974 2882 1005 2912 A
1021 2883 1052 2912 3.
1142 2881 1175 2919 e)
1206 2883 1384 2912 sathanan
1407 2882 1439 2913 A
1455 2883 1487 2912 2.
1513 2882 1545 2912 Β
1561 2883 1592 2913 3.
1682 2881 1712 2919 f)
1743 2881 1836 2912 deest
1857 2881 1887 2911 A
1903 2881 1935 2912 3.
2024 2877 2061 2918 g)
2091 2879 2182 2910 deest
2205 2878 2249 2908 A.

373 2923 412 2963 h)
443 2925 668 2962 thietbergae
690 2926 721 2956 A
737 2927 768 2956 3.
795 2926 826 2955 Β
845 2925 876 2955 3.
966 2924 994 2964 i)
1019 2927 1236 2955 cum—-irae
1259 2925 1383 2956 desum
1406 2925 1437 2955 A
1452 2925 1483 2956 3.
1574 2923 1612 2962 k)
1644 2926 1765 2954 contra
1790 2923 1822 2954 A
1840 2926 1871 2954 1.
1959 2920 1987 2962 l)
2011 2921 2253 2953 excommuni-

373 2967 537 2997 cavimus
561 2967 674 2998 donec
698 2968 821 2998 desunt
844 2968 888 2998 Β.
977 2967 1027 3006 m)
1051 2976 1192 2997 omnem
1217 2971 1253 2998 et
1276 2968 1462 2998 sinistram
1487 2966 1518 2997 A
1534 2967 1573 3006 2;
1605 2967 1674 2996 sin.
1701 2974 1842 2996 omnem
1866 2966 1898 2996 B
1914 2966 1946 2995 2.
2035 2965 2073 3003 n)
2097 2963 2252 2994 consilio

373 3012 495 3039 nostro
517 3010 548 3040 A
565 3011 598 3040 3.
686 3011 722 3048 0)
745 3012 893 3041 sanctae
918 3010 1004 3040 eccl.
1031 3010 1156 3041 desum
1178 3010 1209 3040 A
1228 3013 1257 3040 1.
1346 3019 1384 3049 p,
1419 3014 1633 3048 nostraeque
1656 3008 1880 3039 auctoritatis
1901 3007 1932 3036 A
1947 3008 1981 3038 3.
2071 3009 2105 3045 q)
2138 3009 2254 3037 extra-

374 3059 478 3082 neam
502 3051 656 3083 fecimus
678 3052 722 3091 A,
759 3056 847 3083 extr.
874 3052 1028 3082 facimus
1051 3053 1082 3083 A
1098 3054 1129 3083 3.
1199 3056 1230 3088 r)
1254 3053 1457 3083 fautoribus
1482 3051 1512 3082 A
1529 3053 1559 3082 3.
1630 3050 1662 3090 s)
1686 3060 1738 3089 pr.
1767 3054 1839 3081 ext.
1865 3050 1990 3080 desunt
2011 3049 2056 3080 A.
2123 3046 2151 3087 t)
2173 3056 2252 3086 pro-

373 3094 556 3131 uulgatam
580 3096 612 3125 Β
630 3098 658 3126 1.
715 3096 754 3133 11)
781 3103 887 3133 (1116111
910 3095 939 3125 A
958 3096 989 3126 3.
1043 3094 1082 3134 v)
1107 3093 1350 3126 adv.—arma
1373 3095 1499 3125 desunt
1520 3094 1551 3124 A
1567 3095 1598 3125 3.
1654 3093 1700 3132 w)
1722 3093 1883 3123 mecham
1907 3092 1952 3122 B.
1999 3092 2036 3122 x)
2059 3090 2255 3130 paroechia.

372 3137 402 3166 A
423 3138 454 3173 13
497 3138 708 3175 parroechia
738 3137 816 3167 Aa.
926 3138 964 3176 y)
1002 3139 1307 3168 excommunitam
1339 3138 1417 3168 Bl.
1529 3135 1564 3174 z)
1602 3135 1692 3166 deest
1724 3135 1766 3166 A.
1877 3134 1912 3173 a)
1949 3133 2175 3172 penitentiae
2208 3133 2251 3163 B.

373 3177 410 3216 b)
434 3181 470 3208 et
493 3179 521 3210 A
539 3180 570 3209 3.
661 3179 694 3217 6)
718 3180 831 3210 hloth.
859 3179 889 3209 A
908 3182 937 3209 1.
1021 3179 1058 3218 d)
1081 3179 1382 3217 regi—pontifex
1406 3179 1532 3210 desunt
1553 3177 1584 3208 A
1601 3178 1631 3208 3.
1717 3176 1751 3216 e)
1775 3177 2038 3207 haec—coacti
2061 3175 2253 3214 dirigimus

374 3220 497 3251 desunt
520 3221 550 3250 A
567 3222 598 3252 3.
689 3222 719 3260 s)
744 3222 836 3252 deese
858 3221 903 3251 A.
991 3220 1029 3260 g)
1054 3221 1175 3252 heheu
1199 3222 1230 3251 B
1250 3225 1277 3252 1.
1304 3223 1334 3252 2.
1430 3221 1468 3259 h)
1492 3220 1733 3251 obviaverunt
1757 3220 1788 3249 B
1805 3220 1834 3250 3.
1933 3219 1959 3256 i)
1991 3219 2252 3256 os—increpa-

372 3263 488 3292 tiones
513 3262 638 3294 desunt
663 3264 693 3293 B
711 3266 741 3294 1.
829 3262 869 3303 k)
904 3263 995 3294 deest
1018 3263 1047 3293 A
1065 3265 1095 3294 2.
1193 3262 1221 3302 l)
1253 3263 1346 3294 dee-⁹?
1371 3263 1401 3293 A
1419 3264 1450 3294 3.
1546 3261 1596 3301 m)
1626 3261 1711 3300 quia
1734 3261 1764 3291 A
1780 3262 1812 3291 2.
1909 3262 1947 3300 n)
1979 3268 2143 3299 mergere
2166 3260 2197 3290 A
2213 3261 2251 3299 33

373 3304 555 3342 dimergas
579 3306 611 3335 Β
628 3308 658 3336 1.
685 3307 714 3335 2.
804 3305 838 3343 0)
866 3308 1012 3343 propter
1037 3305 1067 3335 A
1087 3308 1116 3336 1.
1206 3306 1243 3343 p)
1266 3305 1309 3335 ad
1334 3306 1484 3335 exitium
1508 3304 1552 3334 Β.
1642 3303 1677 3342 q)
1708 3303 1928 3341 perdicionis
1952 3304 1995 3334 B.
2082 3302 2112 3341 r)
2144 3304 2253 3333 cahos

373 3347 404 3377 A
421 3348 452 3378 3.
479 3348 510 3377 Β
529 3349 568 3420 lx}¹
629 3351 661 3382 s)
683 3347 906 3386 precipitasti
930 3347 959 3377 A
978 3348 1008 3378 3.
1084 3346 1113 3387 t)
1137 3348 1229 3386 quod
1254 3351 1289 3379 et
1312 3348 1341 3378 A
1360 3348 1390 3377 2.
1470 3347 1507 3387 u)
1530 3346 1737 3383 thietberga
1761 3346 1790 3376 A
1808 3346 1838 3376 3.
1865 3346 1896 3375 B
1915 3346 1949 3384 33
1985 3344 2150 3384 tietbirgz'z
2171 3346 2202 3375 Β
2217 3347 2249 3377 2.

373 3390 412 3429 v)
434 3398 515 3421 cum
585 3390 616 3420 3.

374 3474 416 3525 1)
449 3475 613 3517 Blansz‘
640 3475 748 3527 XV,
788 3475 1044 3518 321—324.
1115 3475 1340 3518 Nieolaus
1379 3474 1496 3517 hanc
1527 3473 1760 3526 epistolam
1793 3487 1834 3515 a.
1860 3474 1944 3517 867
1982 3473 2120 3516 simul
2151 3486 2253 3517 cum

372 3532 529 3575 litteris
561 3532 622 3575 ad
653 3531 863 3575 Carolum
896 3532 1075 3576 directis
1107 3532 1249 3581 misz't;
1295 3530 1351 3584 cf.
1376 3531 1611 3573 Dilmmler
1634 3530 1704 3583 II,
1740 3530 1835 3572 159.

2279 1712 2297 1731 *
2318 1722 2356 1752 p.
2373 1713 2454 1746 576..
