2491 3724
352 145 407 189 18
729 142 1060 188 REGINONIS
1093 140 1457 186 CHRONICON.
1518 142 1571 185 A.
1597 145 1850 188 397—412.

494 270 667 322 Huius
705 269 1031 337 temporibus
1070 267 1178 319 Leo
1218 284 1443 334 magnus
1482 269 1831 334 apostolicam
1872 271 2107 337 optinuit
2145 288 2230 321 ca-

351 341 621 405 thedram;
662 340 730 392 ad
770 339 964 408 queml
1006 344 1060 391 et
1105 338 1174 390 ad
1211 338 1514 390 Pulceriam
1554 345 1838 406 augustam
1868 343 2040 393 multa
2072 357 2231 409 super

352 412 617 464 Euticetis
665 428 900 462 errorem
948 409 1181 463 scribitss.
1277 409 1562 461 Flavianus
1603 409 2232 479 Constantinopolitanus

353 483 631 551 episcopus
669 481 896 533 Euticen
935 480 1194 549 dampnat
1210 478 1247 532 2.

97 596 327 638 <so-an.
1099 573 1492 636 397-4043,

214 681 326 713 Beda.
494 664 649 716 Anno
695 663 994 716 dominicae
1038 664 1423 715 incarnationis
1471 662 1818 717 CCCXCVII.
1902 679 2151 723 Martianus
2190 683 2236 723 et

353 736 695 779 Valentinianus
736 750 879 791 regn.
922 750 1057 779 annos
1099 735 1202 779 VII.
1281 736 1500 778 Iohannes
1543 735 1748 790 baptista
1793 735 1960 779 duobus
2008 736 2234 780 monachis

355 796 488 847 caput
529 806 654 835 suum
696 792 1031 835 manifestat.
1115 792 1373 835 Germanus
1427 792 1666 847 episcopus
1722 792 2145 836 Autisiodorensisb
2192 797 2237 836 et

361 851 508 903 Lupus
533 849 845 892 Trecassinusc
870 850 1152 903 episcopus
1184 849 1238 891 in
1273 849 1651 892 Brittanniam
1684 848 2046 904 diriguntur*.
2108 850 2238 893 Post

156 915 200 947 V.
218 914 325 953 Lupi.
354 907 481 948 haec
498 904 743 949 Germanus
768 905 905 959 apud
920 906 1178 948 Ravennam
1202 906 1444 948 moritur.
1483 905 1698 948 Severusd
1722 907 2003 961 episcopus
2021 906 2236 956 Treveris,

353 962 685 1004 Policroniuse
701 961 984 1012 virdunis,
1009 961 1202 1003 Albinus
1227 960 1565 1004 Catalaunensis
1590 962 1852 1016 discipuli
1877 963 2239 1018 sanctiLupig

114 1028 157 1059 v.
176 1027 330 1059 Auiani.
357 1018 494 1061 clari
524 1015 837 1060 habentur4.
896 1017 1246 1060 Aurelianish
1277 1018 1520 1060 Anianus
1552 1019 1839 1073 episcopus
1871 1019 2144 1075 fulgetd-5.

115 1084 333 1123 Con.Hisp.
501 1075 605 1117 Leo
637 1075 918 1128 episcopus
949 1074 1243 1117 Martianoi
1281 1075 1454 1117 multa
1492 1074 1630 1118 fidei
1669 1075 1957 1129 dogmatak
1999 1075 2238 1120 scribitfi.

354 1130 669 1174 Anatoliusl
699 1130 980 1185 episcopus
997 1129 1648 1184 Constantinopolitanus
1665 1132 1981 1175 Euticetism
2006 1147 2238 1176 errorem

355 1189 612 1242 dampnat
654 1189 706 1230 et
748 1201 773 1230 a
817 1188 990 1231 Leone
1031 1201 1169 1241 papa
1212 1188 1449 1242 arguitur,
1494 1187 1610 1243 quod
1652 1191 1805 1231 contra
1847 1188 2078 1232 Nicenum
2117 1203 2238 1233 con-

356 1245 542 1288 cilium
559 1243 851 1287 Antiocenam
884 1247 936 1287 et
951 1243 1332 1287 Alexandrinamn
1356 1245 1561 1287 ecclesias
1576 1245 1673 1288 sibi
1697 1245 1883 1288 subdere
1906 1245 2240 1289 voluisset7·**.

214 1310 329 1342 Beda.
497 1301 683 1345 Aetius0
714 1301 959 1355 patriciusp
992 1315 1017 1343 a
1046 1301 1366 1345 Valentiniano
1397 1301 1625 1345 occiditur.
1695 1302 1849 1357 Apud
1879 1301 2130 1346 Arelatum
2159 1302 2238 1346 Hi.-

235 1366 326 1397 Ado.
355 1359 505 1402 larius
552 1359 790 1413 episcopus
836 1357 1162 1401 doctissimus
1203 1360 1364 1414 atque
1408 1359 1773 1412 preclarissimus
1813 1359 1919 1411 *vir,
1967 1360 2057 1416 qui
2094 1359 2235 1403 vitam
2261 1368 2335 1409 *μ
2355 1368 2462 1400 54712.

355 1416 498 1459 sancti
527 1415 746 1459 Honorati
775 1414 1090 1470 predecessoris
1121 1415 1189 1457 sui
1221 1416 1479 1470 composuit,
1511 1413 1744 1459 moriturss.

100 1515 329 1556 μετ-474).
1106 1494 1305 1555 405—
1320 1494 1432 1554 412
1451 1498 1492 1553 9.

217 1601 330 1632 Beda.
499 1585 654 1635 Anno
701 1583 999 1635 dominicae
1044 1584 1433 1636 incarnationis
1479 1583 1720 1637 CCCCV.
1797 1599 1884 1643 Leo
1922 1613 2065 1654 regn.
2107 1613 2241 1643 annos

173 1664 215 1695 G.
234 1674 268 1704 p.
287 1665 332 1696 R.
357 1656 502 1700 XVII.
562 1656 699 1698 Huic
730 1656 895 1699 Leoni
927 1655 1028 1699 Leo
1058 1669 1195 1710 papa
1226 1656 1462 1710 plurima
1493 1654 1755 1698 scribit10.

218 1721 330 1753 Beda.
500 1712 750 1756 Theodorus
775 1713 1001 1766 episcopus
1027 1713 1255 1755 civitatisq
1279 1712 1455 1757 Ciriaer
1478 1713 1711 1756 historiam
1737 1713 2083 1756 ecclesiasticam
2109 1727 2135 1756 a
2156 1713 2242 1755 fine

172 1778 215 1808 G.
234 1787 268 1818 p.
287 1779 329 1809 R.
357 1770 572 1813 librorum
585 1769 765 1812 Eusebii
777 1769 944 1812 scribit.
967 1769 1475 1823 HilariusspapaRom
1487 1783 1637 1812 anam
1656 1770 1940 1812 ecclesiam
1958 1769 2243 1824 gubernat.

222 1835 331 1866 Beda.
358 1883 385 1926 d
501 1826 756 1926 Ῡίοζῡὲῐὶῃυε
802 1826 987 1868 iubente
1032 1839 1149 1880 papa
1194 1826 1399 1869 Hilarios
1443 1826 1840 1869 revolutionem
1884 1827 2068 1881 magni
2115 1826 2240 1869 anni

396 1897 532 1927 escri
581 1897 596 1925 1
629 1916 638 1926 .
1520 1896 1525 1897 ⁷

455 1968 494 2022 >i<)
528 1967 582 2011 ob
615 1965 927 2011 destruendam
958 1966 1148 2010 heresim
1181 1967 1486 2022 Pelagianam.
1549 1967 1746 2010 Secundo
1777 1968 1940 2010 iterum
1972 1967 2025 2011 ob
2058 1967 2245 2011 eandem

531 2038 708 2067 causam
755 2023 1000 2067 Germanus
1047 2026 1092 2066 et
1136 2023 1320 2067 Severus
1367 2024 1653 2067 Treverorum
1697 2025 1944 2079 episcopus,
2000 2024 2244 2078 discipulus

528 2082 655 2125 beati
692 2081 818 2134 Lupi,
858 2081 1103 2123 mittuntur
1142 2084 1186 2124 et
1223 2095 1300 2135 per
1337 2081 1422 2124 Dei
1459 2080 1806 2125 misericordiam
1846 2082 2072 2136 signorum
2110 2082 2243 2123 mira-

530 2139 639 2182 culis
679 2141 724 2181 et
760 2138 929 2193 insigni
967 2137 1168 2180 doctrina
1205 2138 1505 2191 pullulantem
1544 2138 1735 2181 heresim
1774 2137 2097 2181 destruxerunt.
2159 2137 2244 2189 Qui

529 2195 712 2238 Severus
745 2195 998 2247 apostolicis
1037 2195 1210 2237 meritis
1248 2195 1317 2237 vir
1346 2208 1424 2248 per
1454 2195 1602 2237 omnia
1640 2194 1944 2250 coaequandus
1975 2194 2244 2238 Germaniae

528 2252 721 2306 primum
760 2250 944 2293 verbum
982 2251 1064 2293 Dei
1095 2251 1384 2294 ministravit.
1453 2252 1652 2294 Fuerunt
1684 2252 1819 2294 etiam
1858 2251 2067 2306 discipuli
2098 2252 2244 2295 sancti

529 2309 645 2363 Lupi
661 2308 936 2351 Policronius
952 2307 1241 2351 Virdunensis
1267 2310 1312 2350 et
1326 2307 1516 2362 Alpinus
1541 2306 1895 2359 Catalaunensis,
1919 2311 1972 2351 ut
1996 2322 2046 2351 ex
2068 2308 2243 2351 meritis

530 2365 845 2419 discipulorum
875 2367 1043 2418 pateat,
1076 2367 1269 2420 quantae
1300 2364 1555 2408 sanctitatis
1587 2365 1803 2419 magister
1828 2366 2029 2408 extiterit
2053 2366 2160 2409 add.
2186 2367 2243 2416 A,

529 2423 710 2466 omissis
741 2422 889 2465 verbis
919 2422 1028 2464 Post
1059 2421 1167 2464 haec
1192 2444 1242 2450 —
1269 2422 1379 2464 clari
1408 2421 1644 2465 habentur.

431 2481 495 2532 **)
529 2479 721 2534 Tungris
754 2479 979 2521 Servatius
1012 2479 1239 2532 episcopus
1273 2480 1378 2522 add.
1409 2481 1455 2522 Β
1480 2481 1518 2523 3.

359 2569 392 2601 a)
416 2563 589 2595 describit
611 2562 642 2593 A
660 2564 691 2594 2.
781 2561 819 2602 b)
842 2562 1031 2594 autissiod.
1057 2564 1089 2593 B
1107 2564 1140 2602 13
1168 2565 1232 2593 aut
1255 2562 1396 2593 tissiod.
1423 2564 1454 2593 Β
1471 2563 1502 2593 3.
1593 2561 1627 2602 c)
1650 2565 1882 2593 trecassenus
1908 2562 1970 2600 (B)
1995 2563 2027 2593 Β
2045 2565 2079 2600 1;
2113 2565 2245 2593 trecas·

360 2608 469 2638 semis
493 2608 525 2638 Β
541 2608 581 2644 2;
619 2609 830 2637 trecasenae
853 2607 886 2636 Β
901 2607 933 2637 3.
1030 2605 1068 2645 d)
1093 2604 1252 2636 Severus
1275 2622 1317 2627 -—
1347 2605 1464 2644 fulget
1493 2604 1616 2636 desunt
1645 2606 1677 2635 B
1700 2606 1732 2636 2.
1821 2604 1856 2645 e)
1878 2605 2126 2644 polichronius
2156 2606 2189 2635 B
2212 2605 2245 2636 3.

358 2650 387 2687 f)
426 2649 624 2680 virdunum
658 2650 690 2679 Β
714 2649 745 2680 3.
858 2647 898 2686 g)
935 2648 1014 2686 lupi
1045 2645 1109 2687 ep‘i
1138 2649 1170 2678 B
1193 2649 1225 2680 3.
1335 2647 1376 2688 h)
1414 2648 1620 2679 aurelianes
1652 2649 1685 2678 Β
1709 2650 1739 2678 1.
1850 2648 1877 2687 i)
1915 2647 2132 2679 martiniano
2155 2648 2188 2678 B
2211 2648 2243 2678 2.

358 2693 398 2730 k)
424 2691 587 2722 docmata
609 2692 641 2721 B
660 2695 691 2722 1.
780 2689 807 2730 1)
831 2691 1039 2722 anatholius
1063 2692 1095 2721 Β
1118 2691 1150 2721 3.
1239 2690 1291 2730 m)
1317 2691 1446 2722 euticis
1469 2692 1501 2721 Β
1518 2693 1549 2722 1.
1580 2692 1618 2728 3;
1643 2691 1800 2721 euticius
1824 2691 1856 2721 Β
1872 2692 1904 2722 2.
1991 2691 2031 2731 n)
2053 2693 2125 2721 ant.
2145 2693 2181 2721 et
2196 2689 2243 2720 al.

359 2735 484 2766 desunt
505 2734 537 2765 A
555 2735 586 2765 2.
691 2732 726 2774 ο)
748 2732 906 2765 Aeutius
929 2735 961 2764 B
978 2735 1009 2764 2.
1113 2734 1152 2773 p)
1175 2734 1350 2771 particius
1374 2734 1549 2773 patricius
1573 2735 1604 2764 Β
1620 2734 1652 2765 2.
1743 2734 1779 2774 q)
1802 2733 1892 2764 deest
1914 2732 1945 2764 A
1961 2734 1993 2764 2.
2081 2733 2114 2773 r)
2137 2733 2246 2763 siriae

359 2779 389 2808 Β
415 2780 452 2816 1;
488 2778 608 2814 syriae
632 2777 711 2808 Β2.
737 2778 768 2808 3.
858 2776 889 2816 s)
911 2776 1032 2813 hylar.
1058 2776 1088 2807 A
1104 2777 1137 2806 2.

361 2850 402 2900 1)
435 2850 475 2892 I.
501 2862 534 2892 e.
561 2847 617 2891 ad
641 2846 933 2890 Theodosium
956 2846 1056 2890 Leo.
1140 2846 1183 2899 2)
1217 2846 1285 2900 Cf.
1312 2845 1619 2890 Collectionem
1645 2860 1868 2890 canonum
1891 2851 1933 2890 et
1955 2846 2246 2890 decretalium

362 2906 623 2959 Hispanam
668 2903 917 2956 (‘Colleetio
960 2916 1185 2947 canonum
1227 2904 1438 2947 ecclesiae
1481 2904 1790 2957 Hispaniaffl,
1834 2905 2013 2947 Matrit.
2056 2904 2168 2946 1808
2206 2907 2247 2945 et

361 2961 620 3016 ‘Epistolae
650 2962 892 3004 decretales
922 2975 978 3004 ac
1006 2962 1228 3014 rescripta
1253 2961 1381 3003 Rom.
1400 2961 1604 3014 pontffl',
1635 2961 1776 3004 Matr.
1804 2961 1936 3010 1821)
1965 2973 2010 3002 n.
2033 2959 2087 3001 41
2113 2963 2154 3002 et
2175 2958 2244 3008 45,

360 3019 428 3061 42.
453 3020 523 3062 43.
548 3019 617 3062 46.
641 3019 717 3068 48,
749 3018 805 3060 37
827 3023 868 3062 et
890 3017 957 3061 38.
1047 3017 1092 3068 3)
1123 3018 1209 3061 404
1230 3034 1288 3052 =
1310 3019 1395 3061 397
1417 3016 1473 3070 -}-
1498 3018 1524 3060 7
1533 3033 1544 3067 ;
1578 3015 1634 3070 ef.
1662 3030 1704 3059 a.
1729 3017 1824 3060 263.
1913 3016 1960 3068 4)
1989 3015 2098 3059 Vita
2120 3015 2248 3068 Lupi

360 3076 500 3124 (Acta
523 3074 604 3118 SS.
622 3075 711 3116 Iul.
732 3075 845 3125 VII,
871 3076 925 3117 69
942 3075 1026 3129 sq.)
1056 3073 1082 3126 ἕ
1101 3076 1152 3116 11
1185 3072 1501 3117 Pulchronium
1530 3073 1783 3127 episcopum
1814 3071 2024 3115 ecclesiae
2053 3070 2244 3114 Veredu-

361 3132 529 3181 nensis,
572 3132 774 3173 sanctum
812 3129 1021 3172 Severum
1061 3129 1255 3172 Treviris
1294 3129 1561 3180 ordinatum,
1594 3132 1795 3171 sanctum
1827 3129 2042 3183 Alpinum
2080 3126 2243 3171 Catha-

362 3187 555 3230 lauensis
578 3187 828 3240 pontificem
857 3186 1054 3228 civitatis
1087 3187 1336 3239 disezPulos
1358 3187 1484 3228 illius
1508 3187 1681 3229 laudat.
1768 3187 1811 3237 5)
1843 3187 1924 3229 Eae
1952 3186 2059 3228 Vita
2090 3185 2245 3239 aliqua

362 3244 553 3296 Amani,
578 3244 708 3287 euius
733 3244 850 3286 duae
871 3243 1002 3285 Vitae
1025 3243 1153 3295 apud
1171 3243 1358 3285 Theiner
1383 3241 1450 3285 ‘S.
1468 3242 1678 3297 Aiynan’
1697 3255 1747 3296 p.
1765 3244 1819 3287 13
1843 3247 1883 3285 et
1904 3244 1975 3294 37,
2000 3255 2097 3284 una
2119 3242 2247 3295 apud

362 3301 547 3344 Suriam
583 3300 632 3350 V,
656 3301 741 3343 417
764 3300 838 3347 (=
862 3297 982 3352 2ΧΙ,
1007 3298 1115 3349 374)
1138 3299 1444 3342 inveniuntur.
1555 3298 1598 3350 6)
1632 3298 1737 3341 Con.
1763 3299 1898 3353 Hisp.
1922 3313 1965 3341 n.
1990 3300 2057 3342 50.
2082 3299 2149 3342 51.
2175 3299 2244 3342 53.

362 3359 429 3401 55.
450 3358 518 3401 57.
535 3357 601 3400 58.
620 3357 687 3400 59.
764 3356 807 3407 7)
841 3355 945 3398 Coll.
963 3356 1098 3409 Hisp.
1123 3370 1166 3398 η.
1184 3356 1251 3398 56.
1323 3356 1367 3407 8)
1399 3355 1501 3398 Ado
1524 3357 1625 3398 III.
1643 3355 1763 3398 Non.
1782 3356 1897 3398 Mai.
1965 3355 2008 3403 9)
2035 3357 2088 3398 17
2111 3355 2246 3398 annis

363 3415 425 3457 acl
448 3413 532 3457 405
557 3413 726 3457 additis
757 3417 797 3456 et
821 3412 969 3455 decem
994 3417 1148 3455 temere
1178 3412 1356 3455 omissis
1379 3411 1552 3466 Reyino
1584 3426 1626 3454 a.
1651 3412 1735 3454 412
1758 3412 1926 3455 Leonis
1948 3412 2154 3455 ulti-mum
2176 3411 2244 3454 in-

363 3471 504 3524 venit3
536 3469 595 3524 cf.
627 3484 668 3513 a.
694 3469 779 3513 364
807 3473 847 3512 et
875 3469 972 3512 413.
1092 3467 1162 3520 10)
1198 3467 1326 3521 C'onf.
1359 3468 1463 3512 Con.
1496 3469 1632 3522 Hisp.
1665 3483 1708 3511 η.
1733 3469 1800 3512 60.
