2491 3724
212 749 344 802 (882).

202 829 278 859 Ian.
298 828 349 858 25

207 1868 339 1920 (880).

208 2717 340 2770 (882).

1014 466 1647 543 APPENDIX.¹

520 737 653 789 Cum
693 753 927 788 essemus
966 736 1117 788 iuxta
1153 733 1374 788 fiuvium
1407 737 1574 790 Aisna
1612 737 1667 788 in
1705 736 1832 789 villa
1864 735 2076 788 Ritest2
2107 736 2257 788 VIII.

377 807 496 860 Kal.
538 807 691 860 Febr
733 807 788 858 in
826 807 1009 874 vigilia
1049 808 1222 859 sancti
1260 807 1525 860 Praeiecti
1563 808 1870 877 marthyiiS,
1909 812 2030 874 post
2069 808 2260 860 horam

374 877 481 929 diei
531 893 728 929 nonam
774 877 953 929 subito
1001 878 1172 929 mirae
1231 879 1616 946 magnitudinis
1664 885 1716 932 et
1762 878 2062 948 splendoris
2110 877 2259 931 sidus

375 947 641 1002 emicuit3.
753 948 906 1012 Quod
967 947 1196 1016 denique
1259 949 1447 1001 stellae
1516 950 1787 1003 modulum
1857 950 2259 1018 supereminens

373 1020 600 1071 excessit
639 1023 692 1071 et
731 1019 860 1071 solis
899 1036 1203 1071 mensuram
1243 1036 1348 1071 non
1380 1021 1668 1088 conplevit.
1745 1021 1898 1073 Unde
1938 1020 2092 1074 nobis
2122 1020 2259 1073 illud

373 1090 717 1142 cernentibus
769 1090 941 1142 visum
988 1095 1069 1142 est
1122 1090 1394 1143 interdum
1443 1089 1845 1144 flammantibus
1894 1092 2062 1144 radiis
2115 1092 2261 1144 ultra

372 1161 588 1213 modum
627 1178 950 1223 excrescere,
989 1161 1261 1213 interdum
1299 1162 1463 1214 nimio
1502 1163 1709 1230 pallore
1748 1161 1993 1217 deficere.
2068 1162 2261 1243 Sicque

372 1232 628 1285 variando
668 1203 973 1285 incredibili
1009 1232 1294 1284 velocitate
1333 1232 1403 1284 ad
1441 1249 1694 1285 occasum
1729 1233 1959 1286 tetendit
1995 1251 2059 1286 ac
2088 1234 2260 1286 novis-

373 1304 519 1368 sime,
559 1303 875 1371 priusquam
914 1321 969 1356 se
1007 1304 1148 1355 inter
1186 1304 1449 1356 montium
1487 1305 1751 1372 ingereret
1788 1304 1974 1358 abdita
2013 1304 2260 1356 obstacu-

372 1375 589 1442 lumque
615 1375 698 1426 sui
722 1391 943 1427 occasus
968 1375 1138 1427 nostr
1124 1392 1170 1426 15
1195 1374 1473 1427 0101111110115
1498 1376 1755 1441 auferret,
1786 1377 2001 1443 penitus
2027 1375 2255 1428 evanuit.

372 1445 482 1497 Nec
521 1446 718 1497 etenim
758 1445 824 1498 ab
864 1463 922 1497 re
961 1445 1065 1498 hoc
1104 1445 1289 1498 stellae
1330 1445 1540 1514 signum
1578 1446 1952 1499 huiuscemodi
1984 1451 2257 1499 ostensum

374 1516 542 1568 conici
580 1521 781 1584 potest:
845 1534 964 1568 cum
1008 1521 1249 1584 potestas
1296 1517 1632 1585 quorundam
1681 1524 1808 1570 tunc
1847 1517 2051 1584 fulgida
2088 1517 2257 1569 domi-

372 1587 619 1651 nabatur,
658 1588 893 1653 peccatis
925 1593 1105 1641 autem
1139 1588 1569 1654 promerentibus
1609 1590 1819 1656 prepeti
1858 1588 1961 1640 fine
2003 1588 2256 1641 deficiens

373 1660 449 1710 ita
488 1659 717 1722 evanuit,
758 1664 816 1709 ut
855 1675 953 1711 nec
993 1659 1211 1726 quidem
1250 1659 1408 1727 digne
1448 1660 1740 1713 memoriae
1778 1660 2092 1714 retineatur.

1104 1771 1521 1824 ALIDERa.

519 1855 652 1908 Cum
693 1873 749 1908 se
787 1854 1104 1907 Ludowicus
1143 1857 1454 1924 prosperari
1501 1857 1779 1909 estimaret
1821 1857 1878 1908 in
1915 1873 2080 1925 regno
2119 1857 2257 1909 occi-

372 1927 589 1991 dentali,
639 1926 781 1994 quod
818 1931 947 1979 tunc
986 1926 1294 1979 inordinate
1332 1928 1737 1995 occupaverat4,
1784 1928 1839 1980 in
1879 1946 1985 1995 qua
2024 1929 2138 1981 eius
2177 1928 2256 1979 in-

368 2000 585 2051 vasione
639 1997 938 2066 sacrilegia,
993 1997 1302 2062 homicidia,
1365 2005 1571 2065 stupra,
1635 2000 1883 2052 incendia
1937 2004 2255 2066 caeteraque

369 2069 614 2122 inaudita
664 2069 866 2121 scelera
912 2074 1227 2137 perpetrata
1275 2069 1512 2133 fuerant,
1565 2074 1618 2122 et
1663 2071 1748 2123 his
1794 2071 2096 2124 vanissimis
2133 2087 2256 2138 pro-

370 2139 715 2208 speritatibus
783 2140 960 2192 animo
1022 2140 1392 2207 extolleretur,
1446 2141 1716 2194 industria
1774 2143 2097 2210 principum,
2162 2141 2255 2208 qui

369 2229 593 2279 regnum
630 2211 765 2263 illud
804 2218 932 2264 tunc
970 2211 1362 2279 gubernabant,
1417 2218 1568 2264 extra
1607 2212 1738 2265 fines
1779 2230 1959 2265 eorum
1999 2212 2253 2264 reductus

371 2289 467 2344 est,
524 2288 685 2349 atque
733 2283 789 2333 in
836 2282 1023 2334 eadem
1061 2283 1381 2346 reversione,
1429 2284 1689 2336 ammissa
1735 2301 1827 2351 spe
1873 2284 2044 2336 invasi
2083 2283 2252 2349 regni,

370 2353 551 2406 obvios
581 2352 773 2405 habuit
796 2352 1177 2418 Nortmannos,
1211 2370 1331 2405 cum
1357 2354 1550 2419 quibus
1583 2354 1720 2406 bello
1753 2355 2036 2407 commisso
2070 2371 2253 2405 carum

371 2424 609 2491 perdidit
656 2423 863 2475 filium5
922 2429 1182 2492 tantaque
1244 2424 1537 2477 afflictione
1595 2426 1651 2476 in
1712 2425 1983 2477 redeundo
2033 2425 2254 2477 attritus

372 2501 473 2559 est,
526 2500 585 2547 ut
623 2495 736 2563 ipse
777 2500 829 2547 et
867 2495 951 2547 sui
988 2496 1075 2547 vix
1114 2495 1183 2548 ad
1229 2497 1450 2564 propria
1487 2501 1813 2560 remearent3
1866 2513 1929 2549 ac
1969 2495 2159 2548 deinde
2197 2495 2254 2546 in

370 2583 531 2633 regno
565 2583 659 2619 suo
692 2566 969 2618 obstacula
999 2566 1385 2633 grassabantur
1415 2567 1752 2636 multiplicia,
1786 2572 1946 2636 atque
1978 2568 2255 2619 inenarra-

372 2637 570 2690 bilibus
632 2636 1032 2690 calamitatibus
1103 2638 1339 2706 undique
1408 2639 1638 2691 vallatus
1696 2639 2256 2704 Nortmannorumque

372 2708 713 2761 infestatione
764 2709 1096 2775 inquiet-atus
1149 2709 1297 2762 febre
1347 2710 1653 2777 arripiturb,
1709 2710 1960 2762 ultimum
2009 2709 2256 2762 emittens

373 2780 635 2847 spiritum.

374 2893 408 2933 a)
432 2895 480 2925 ita
505 2893 623 2926 codex.
713 2892 751 2934 b)
775 2894 954 2934 arrepitur
978 2903 1065 2926 corr.
1088 2895 1271 2934 arripitur,
1295 2897 1329 2926 et
1352 2897 1430 2927 ante
1454 2894 1621 2926 ultimum
1649 2904 1796 2926 erasum.

375 2979 415 3029 1)
459 2981 539 3023 Ex
572 2980 723 3024 codice
754 2981 1028 3024 Monacensz·
1063 2981 1175 3024 3851
1217 2981 1332 3024 inter
1370 2982 1669 3034 Anyustanos
1710 2981 1788 3024 151
1831 2979 1920 3032 (40)
1960 2992 2100 3023 manu
2138 2991 2255 3022 saec.

374 3037 463 3077 IX.
498 3035 539 3089 f.
566 3035 656 3085 74¹,
701 3037 754 3079 cle
795 3050 880 3092 quo
920 3036 977 3090 cf.
1017 3038 1297 3089 Mallenhoff
1337 3043 1376 3082 et
1421 3038 1632 3090 Scherer,
1678 3036 1979 3080 ‘Denkmc'z'ler
2020 3034 2255 3078 deutscher

374 3093 533 3135 Poese'e
555 3106 599 3135 u.
631 3093 781 3136 Prosa
805 3107 891 3137 aus
915 3095 957 3136 d,
986 3094 1125 3136 VIII.
1137 3095 1322 3137 —XIL
1346 3094 1536 3138 Jahrh.’
1564 3107 1612 3146 p.
1637 3094 1742 3143 3143
1775 3093 1966 3137 antehac
1997 3092 2063 3134 ed.
2095 3092 2247 3144 Perta,

375 3147 456 3191 SS.
474 3150 575 3201 III,
595 3162 643 3202 1).
661 3150 744 3193 569
768 3164 810 3193 η.
830 3152 855 3193 2
881 3151 943 3193 acl
967 3150 1152 3193 Richerz'
1173 3151 1470 3194 hi'storzarum
1502 3151 1527 3192 l.
1552 3152 1584 3192 Ι
1613 3163 1647 3192 c.
1671 3150 1710 3193 4.
1801 3149 1844 3201 2)
1876 3151 2026 3192 Locus
2057 3148 2253 3203 ignotus,

377 3209 489 3247 certe
512 3218 602 3247 non
625 3206 796 3259 Rhetel,
829 3207 991 3260 dequo
1015 3208 1151 3250 Perta
1175 3208 1398 3262 coqz'tavzsst
1485 3206 1528 3258 3)
1562 3205 1631 3257 Cf.
1657 3207 1826 3249 Amzal.
1851 3205 2069 3248 Fuldens.
2104 3218 2143 3248 α.
2169 3205 2254 3248 882

375 3260 477 3311 (SS.
501 3262 543 3314 I,
575 3262 691 3313 395).
808 3263 852 3314 4)
889 3263 941 3306 V.
973 3262 1222 3316 Reyewnoms
1256 3263 1491 3306 chronicon
1524 3276 1565 3304 α.
1589 3263 1686 3306 879.
1805 3262 1847 3314 5)
1881 3262 2133 3317 Huyonem.
