2491 3724
143 318 262 358 (Febr.
278 319 326 356 4.)

52 1674 160 1711 (Anu.
182 1671 331 1712 Prum.).

166 1743 262 1783 Aug.
282 1744 332 1774 13.

193 2049 322 2101 (899).

137 2410 249 2451 (Sept.
268 2408 336 2448 24).

198 2473 328 2526 (900).

358 178 441 220 148
813 170 1140 216 REGINONIS
1172 167 1534 212 CHRONICON.
1595 168 1647 211 A.
1675 169 1772 212 901.

350 303 406 353 in
457 302 622 353 unum
675 298 1015 365 congregatia
1066 294 1438 347 Ludowicumb
1488 293 1657 345 filium
1708 293 1923 361 prefati?
1956 293 2230 360 principis,

349 390 503 440 quem
558 390 622 423 ex
672 371 908 437 legitimo
961 366 1301 419 matrimonio
1353 370 1684 432 susceperat,
1738 382 1918 430 regem
1968 381 2126 430 super
2176 379 2232 414 se

348 448 531 495 creant
555 448 607 494 et
631 446 940 492 coronatum
966 438 1234 505 regiisque
1262 436 1619 487 ornamentis0
1652 434 1898 486 indutum
1929 435 1984 485 in
2017 434 2230 500 fastigio

345 515 493 581 regni
535 513 843 565 sublimant.

493 598 631 649 Dum
676 595 809 647 haec
847 595 902 645 in
941 590 1231 645 Germania
1270 595 1524 658 aguntur,
1571 590 1711 641 inter
1749 587 2144 640 Zuendibolch<1
2182 593 2236 639 et

347 668 700 736 primoribuse
738 666 890 731 regni
927 661 1270 729 inexpiabilis
1311 662 1484 713 oritur
1522 660 1821 712 dissensiol
1850 664 2073 727 propter
2103 659 2235 710 assi-

349 740 483 790 duas
516 737 923 804 depredationes
957 740 1009 785 et
1039 734 1274 800 rapinaS,
1317 750 1451 799 quae
1483 732 1538 783 in
1568 748 1732 799 regno
1765 730 1981 792 fiebant,
2023 735 2076 780 et
2107 730 2236 796 quia

349 828 469 877 cum
523 807 836 859 mulieribus
897 810 949 857 et
1001 803 1404 871 ignobilioribus
1464 803 1616 869 regni
1674 803 1891 869 negotia
1951 800 2236 868 disponens

347 879 685 932 honestiores
734 883 788 928 et
831 875 1122 927 nobiliores
1169 891 1409 942 quosque
1448 873 1713 925 deiciebat
1757 878 1811 924 et
1850 871 2146 924 honoribus
2186 876 2239 922 et

350 949 700 1018 dignitatibus
727 946 1051 1013 expoliabat.
1131 945 1233 995 Pro
1259 944 1628 996 huiuscemodi
1659 945 1841 1010 itaque
1875 960 2037 994 causa
2069 942 2237 993 omni-

349 1022 447 1073 bus
488 1021 702 1072 odiosus
741 1017 989 1070 efficitur.
1068 1015 1329 1067 Certatim
1367 1014 1532 1081 igitur
1562 1014 1633 1066 ad
1663 1013 2034 1066 Ludowicumf
2061 1020 2237 1064 trans-

351 1097 478 1144 eunt
524 1107 751 1157 eumque
791 1089 846 1140 in
884 1105 1107 1155 regnum
1146 1086 1498 1138 introducunt
1536 1091 1621 1137 etg
1665 1086 1722 1136 in
1761 1084 2066 1136 Theodonis
2111 1084 2238 1135 villa

350 1162 595 1214 manibus
622 1161 762 1213 datis
788 1160 901 1211 eius
927 1158 1278 1211 dominationi
1303 1174 1358 1208 se
1392 1156 1679 1209 subiciunt.
1738 1154 2053 1207 Ludowioof
2088 1158 2238 1206 trans

352 1233 629 1286 Rhenumh
654 1237 811 1284 eunte
836 1227 1224 1282 Zuendibolchi
1258 1227 1589 1290 coadunatis,
1623 1227 2020 1294 quoscumquek
2049 1225 2239 1292 potuit,

353 1306 595 1358 civitates
635 1308 782 1370 regni
821 1302 1035 1361 circuit,
1083 1298 1344 1351 incendiis
1385 1317 1448 1351 ac
1486 1299 1692 1364 rapinis
1742 1302 1935 1349 cuncta
1979 1296 2252 1359 devastat,

353 1376 643 1428 arbitratus
670 1373 986 1436 defectoreS,
1019 1372 1112 1438 qui
1135 1375 1353 1437 propter
1378 1371 1490 1421 eius
1522 1369 1861 1421 insolentiam
1894 1373 1947 1420 et
1971 1368 2240 1419 inmanem

354 1447 624 1499 maliciam
664 1445 731 1496 ab
771 1462 831 1496 eo
871 1443 1200 1503 defecerant,
1249 1442 1550 1493 inmaniora
1597 1446 1649 1492 et
1692 1441 1877 1508 peiora
1922 1439 2126 1490 faciens
2172 1438 2242 1490 ad

355 1537 408 1570 se
447 1533 699 1569 revocare
737 1532 910 1582 posse.
987 1513 1331 1565 Ludowicusf
1373 1513 1429 1563 in
1460 1530 1681 1579 regnum
1712 1528 1899 1562 rursus
1931 1510 2242 1572 accersitur,

356 1596 408 1641 et
448 1607 479 1639 a
519 1586 805 1640 comitibus
843 1585 1128 1652 Stephano,
1170 1582 1436 1634 Grerardol
1475 1589 1528 1635 et
1561 1582 1815 1634 Matfrido
1859 1583 2004 1633 circa
2034 1580 2244 1632 Mosam

360 1660 527 1712 isdem
553 1656 937 1709 Zuendibolchi
956 1657 1011 1706 in
1037 1654 1205 1723 prelio
1231 1653 1553 1705 interficitur
1570 1654 1740 1705 Idusm
1759 1652 2001 1718 Augusti.
2043 1651 2243 1703 Eodem

362 1747 500 1783 anno
544 1728 852 1780 Gerardusn
890 1744 1064 1778 comes
1106 1724 1277 1776 Odam
1317 1742 1539 1776 uxorem
1580 1724 1818 1777 eiusdem
1851 1721 2245 1774 Zuendibolch⁰

354 1802 493 1869 regis
534 1800 637 1852 sibi
676 1800 731 1850 in
770 1797 1170 1850 matrimonium
1211 1796 1442 1864 copulat.

1233 1919 1366 1979 901.

498 2029 648 2080 Anno
681 2025 982 2077 dominicae
1013 2022 1404 2074 incarnationis
1431 2019 1699 2073 DCCCCI.
1726 2037 1852 2087 gens
1876 2018 2245 2087 HungariumP

358 2098 833 2166 Langobardorum
870 2095 1002 2146 fines
1040 2096 1282 2161 ingressa
1321 2092 1591 2155 caedibUS,
1639 2091 1900 2143 incendiis
1940 2109 2003 2142 ac
2041 2090 2244 2157 rapinis

358 2171 647 2223 crudeliter
701 2171 895 2218 cuncta
948 2165 1193 2217 devastat
1207 2163 1242 2217 2.
1345 2163 1509 2215 Cuius
1562 2162 1846 2214 violentiae
1905 2180 1968 2213 ac
2028 2161 2244 2213 beluino

356 2242 529 2294 furori
559 2257 680 2292 cum
711 2243 890 2289 terrae
923 2237 1127 2288 incolae
1159 2236 1214 2286 in
1247 2252 1412 2286 unum
1444 2251 1633 2300 agmen
1666 2233 1974 2298 conglobati
1996 2233 2246 2284 resistere

357 2318 693 2373 conarentur,
721 2307 1126 2360 innumerabilis
1145 2305 1432 2357 multitudo
1452 2304 1679 2356 ictibusq
1697 2304 2244 2370 sagittarum-periitr,

363 2402 523 2452 quam
541 2380 762 2449 plurimi
783 2379 1016 2447 episcopi
1035 2383 1086 2430 et
1104 2376 1322 2429 comites
1338 2375 1596 2427 trucidati
1613 2380 1765 2426 suntS
1779 2399 1784 2405 ·
1800 2373 1837 2427 3.
1864 2373 2217 2426 Liudwardus
2234 2377 2247 2404 t

364 2456 644 2522 episcopus
673 2450 1061 2502 Vercellensisu
1094 2448 1364 2512 ecclesiae,
1400 2447 1583 2498 Caroli
1614 2445 1882 2513 quondam
1907 2445 2248 2512 imperatoris

361 2523 816 2577 familiarissimus
870 2526 921 2573 et
975 2519 1315 2571 consiliarius
1369 2536 1400 2568 a
1454 2522 1681 2581 secrete,
1735 2518 2028 2584 assumptis
2068 2533 2247 2568 secum

323 2616 326 2617 ⁷
362 2596 552 2664 opibus
593 2598 758 2662 atque
789 2589 1301 2658 incomparabilibus
1331 2589 1619 2652 thesauriS,
1660 2587 1854 2656 quibus
1887 2590 2046 2651 ultra,
2086 2604 2246 2654 quam

159 2832 254 2871 (Iun.
274 2831 341 2872 24).

361 2666 601 2719 estimari
639 2668 838 2731 potest,
886 2661 1257 2724 habundabat,
1305 2678 1426 2712 cum
1466 2659 1925 2726 effugere-eorum
1971 2664 2247 2710 cruentam

361 2739 696 2790 ferocitatem
728 2734 971 2786 omnibus
995 2735 1134 2785 votis
1168 2730 1488 2796 elaboraret,
1522 2748 1680 2798 super
1711 2747 1800 2781 eos
1831 2729 2032 2782 inscius
2056 2728 2247 2780 incidit

369 2827 431 2861 ac
462 2826 585 2860 mox
615 2805 962 2867 interficitur3
998 2821 1141 2871 opeS,
1175 2819 1312 2871 quae
1345 2820 1524 2854 secum
1550 2801 1873 2865 ferebantur,
1905 2800 2247 2868 diripiuntur.

365 2950 399 2985 a)
435 2950 635 2988 congretati
661 2948 691 2978 A
709 2949 739 2978 1.
851 2946 890 2985 b)
926 2946 997 2978 lod,
1023 2946 1107 2985 A33
1138 2945 1405 2976 ludouuichum
1429 2945 1460 2974 B
1476 2945 1507 2974 2.
1606 2949 1638 2983 c)
1670 2944 1830 2974 hornam.
1855 2943 1887 2972 B
1903 2943 1935 2973 3.
2032 2941 2068 2976 d)
2101 2939 2248 2971 zuendi-

364 2993 508 3032 poldum
534 2993 564 3022 A
584 2995 620 3029 13
653 2990 871 3022 zuendibolh
899 2989 929 3019 A
947 2990 983 3026 3;
1015 2988 1232 3019 zuendibold
1259 2998 1298 3018 ez
1323 2990 1462 3018 correct.
1489 2987 1521 3016 B
1538 2986 1574 3024 2?
1607 2985 1840 3016 zuentibolch
1862 2985 1894 3015 Β
1910 2985 1940 3015 3.
2010 2983 2044 3024 6)
2067 2982 2248 3021 prioribus

365 3036 394 3065 A
414 3038 428 3065 1
453 3035 559 3073 (deest
581 3034 611 3065 A
627 3035 674 3072 3).
723 3033 752 3071 f)
778 3032 847 3063 lod.
875 3031 905 3061 A
925 3032 955 3061 3.
1013 3032 1049 3069 g)
1075 3032 1166 3062 deest
1188 3032 1219 3062 A
1235 3032 1269 3069 33
1303 3029 1567 3061 euntheodonis
1591 3029 1621 3059 A
1641 3032 1670 3058 1.
1719 3029 1759 3068 h)
1781 3036 1909 3058 renum
1933 3027 1963 3057 A
1980 3029 2009 3057 1.
2057 3026 2083 3064 i)
2103 3024 2249 3056 zuendi-

365 3077 449 3115 pold
474 3077 503 3107 A
523 3079 559 3112 1;
591 3075 812 3108 zuendibolh
838 3075 867 3105 A
884 3075 921 3112 3;
955 3073 1188 3105 zuentibolch
1213 3074 1243 3103 B
1260 3074 1290 3103 3.
1403 3072 1444 3112 k)
1477 3079 1638 3110 quosque
1661 3070 1692 3101 A
1709 3073 1739 3101 1.
1850 3068 1878 3108 l)
1905 3068 2036 3107 gerado
2060 3068 2090 3098 A
2108 3070 2142 3104 13
2173 3075 2249 3105 ger-

365 3119 478 3149 hardo
503 3120 579 3150 A3.
691 3117 742 3157 m)
779 3117 902 3147 idibus
938 3117 1014 3146 A3.
1126 3115 1164 3155 n)
1204 3114 1414 3146 Gerhardus
1446 3114 1486 3144 A.
1604 3113 1637 3152 o)
1674 3111 1907 3150 zuendipoldi
1937 3111 1967 3141 A
1986 3113 2020 3147 13
2052 3109 2143 3140 deest
2164 3109 2247 3146 A33

365 3161 599 3191 zuentibolch
624 3161 655 3190 B
672 3161 704 3190 3.
801 3159 836 3197 p)
870 3167 1088 3196 ungarorum
1115 3159 1143 3189 A
1161 3159 1179 3188 3
1206 3158 1261 3193 (ex
1285 3156 1520 3193 Etsi-ebarcio).
1619 3154 1655 3193 q)
1685 3154 1823 3185 actibus
1847 3154 1876 3183 A
1896 3157 1923 3183 1.
1950 3153 1981 3182 B
1997 3154 2032 3190 23
2064 3155 2133 3182 act.
2159 3161 2245 3182 corr.

366 3205 426 3233 iet.
453 3204 483 3233 B
502 3206 531 3232 1.
617 3203 648 3240 r)
673 3202 764 3239 perit
788 3203 818 3231 B
837 3203 867 3232 1.
949 3200 982 3239 s)
1007 3201 1219 3230 trucidantis
1244 3200 1273 3230 A
1294 3202 1326 3236 13
1360 3198 1587 3228 trucidantur
1609 3198 1638 3227 A
1655 3198 1686 3227 3.
1712 3198 1744 3227 B
1760 3197 1795 3232 3;
1827 3194 1997 3226 trucidati
2021 3195 2040 3225 Ξ
2063 3195 2100 3224 in
2123 3203 2249 3224 rasura

368 3247 399 3276 B
418 3248 450 3282 13
484 3245 705 3275 trucidantes
732 3253 818 3274 corr.
845 3243 1039 3273 trucidatis
1064 3243 1095 3272 B
1112 3244 1143 3273 2.
1207 3240 1234 3280 t)
1260 3240 1492 3271 liutuuardus
1517 3240 1546 3270 A
1562 3241 1599 3277 33
1630 3237 1896 3269 liuduuuardus
1920 3239 1951 3268 Β
1967 3240 1997 3268 1.
2024 3238 2054 3267 2.
2113 3237 2150 3277 u)
2173 3245 2249 3267 ver-

368 3288 525 3318 celensis
549 3288 580 3317 B
597 3288 626 3319 2.

371 3387 412 3437 1)
454 3384 579 3439 Conf.
611 3385 847 3427 Dilmmler
880 3385 983 3435 III,
1015 3384 1094 3425 501
1123 3395 1184 3436 sq.
1317 3380 1359 3432 ⁶2)
1400 3380 1550 3423 Annis
1582 3380 1842 3429 899-900;
1883 3379 2117 3422 Du'mmler
2146 3379 2248 3429 III,

369 3444 623 3486 507—510.
754 3443 797 3492 3)
846 3441 905 3482 In
947 3452 1106 3493 pugna
1147 3453 1172 3480 α
1214 3438 1495 3490 Berenyarz’o
1536 3450 1637 3490 rege
1667 3442 1822 3480 contra
1863 3437 2069 3490 Unyaros
2100 3449 2141 3478 α.
2165 3435 2248 3479 899

371 3499 490 3552 Sept.
517 3500 571 3541 24
605 3498 666 3541 αᾱ
698 3499 912 3540 Brentani
949 3496 1133 3547 flurium
1170 3495 1421 3538 commi-ssa.
