2491 3724
289 136 403 180 VIII
865 129 1191 177 REGINONIS
1223 127 1584 172 CHRONICON.

289 263 576 314 collectione
613 279 860 312 canonum
899 268 944 310 et
973 256 1302 309 decretalium
1333 254 1615 323 Hispanal
1645 256 1916 325 suppleret,
1955 257 2164 326 sinyula

287 366 459 416 pauca
497 365 558 397 esc
606 345 738 396 Vitis
774 352 1064 396 sanctorum
1106 339 1324 404 GoariS,
1364 338 1652 403 Lamberti,
1697 340 2023 403 Columbani,
2065 341 2165 392 Ar-

291 432 437 499 nulfl,
483 430 722 493 Paulini,
771 428 930 496 Lupi,
969 425 1166 494 Eliyii,
1203 424 1455 487 Martini,
1499 421 1735 476 Severini
1773 423 2165 495 (Coloniensis),

297 516 566 579 leeodori,
604 513 821 577 Aniani,
860 511 1084 574 Vedasti,
1123 509 1325 574 Albini,
1357 506 1611 560 Paterni2
1641 517 1687 560 et
1715 510 1926 578 scriptis
1957 510 2165 561 Boethii

291 601 513 653 adderet.
587 599 651 649 In
689 598 850 648 altero
889 604 1055 646 autem
1095 594 1228 646 libro
1266 612 1420 662 usque
1465 593 1536 644 ad
1573 613 1622 646 a.
1657 594 1775 647 813.
1818 602 1998 645 auctor
2040 612 2167 646 unos

292 684 520 734 Annales
569 682 927 733 Laurissenses
966 677 1223 731 maiores3
1269 679 1567 748 eocscripsit,
1617 679 1801 748 quibus
1846 679 1918 731 ad
1963 698 2011 730 a.
2047 680 2165 733 755.

292 768 686 819 ‘Revelationem
715 765 919 834 factam
961 772 1135 817 sancto
1168 783 1342 832 papae
1382 763 1691 833 Stephano’4
1736 773 1781 816 et
1827 766 1898 816 ad
1936 784 1984 815 a.
2025 783 2170 833 supe-

290 855 477 904 riorem
525 851 821 903 mentionem
868 848 1153 918 I‘Valtfredi
1201 849 1402 901 abbatis
1450 849 1661 900 Etrusci
1709 868 1771 901 ecc
1817 849 1937 901 Vita
1985 848 2169 902 illius5

286 937 501 1005 petitam
538 936 733 987 inserit.

430 1062 510 1113 Ab
549 1081 597 1115 a.
633 1063 749 1115 813.
800 1061 999 1130 Reyino
1043 1061 1203 1112 nullis
1249 1061 1400 1112 libris
1443 1079 1563 1112 usus
1607 1070 1679 1113 est
1724 1062 1831 1113 nisi
1874 1062 2169 1114 Annalibus

290 1147 674 1199 Prumiensibus
711 1147 1024 1199 brevissimis
1061 1147 1117 1197 in
1150 1146 1475 1215 maryinibus
1513 1146 1807 1197 tabularum
1840 1148 2171 1214 paschalium

288 1234 496 1302 scriptis
544 1241 588 1284 et
636 1231 863 1300 quadam
911 1240 1140 1283 actorum
1187 1240 1232 1283 et
1278 1231 1619 1299 epistularum
1659 1253 1698 1285 s.
1730 1231 1824 1283 IX.
1867 1232 2172 1297 collectione,

290 1318 432 1369 cuius
482 1337 610 1386 pars
662 1319 898 1368 maoeima
950 1317 1021 1367 ad
1075 1316 1318 1368 Lotharii
1368 1317 1506 1385 reyis
1566 1317 1844 1369 divortium
1898 1318 2167 1386 spectabat.

290 1403 542 1466 Annales,
590 1403 677 1471 qui
720 1421 871 1471 usque
916 1403 987 1452 ad
1026 1403 1191 1469 ipsius
1229 1402 1455 1453 auctoris
1492 1410 1723 1471 tempora
1766 1403 2093 1470 pertinebant
2129 1411 2175 1455 et

290 1489 554 1539 etiamtum
593 1487 1040 1551 continuabantur,
1082 1488 1189 1556 ipsi
1225 1505 1327 1538 non
1364 1487 1474 1538 iam
1513 1496 1738 1551 eocstant,
1785 1489 1873 1539 sed
1911 1506 2064 1556 usque
2101 1487 2173 1539 ad

291 1592 338 1624 a.
389 1572 507 1624 960.
548 1572 679 1640 fons
733 1572 1022 1624 Annalium
1083 1571 1466 1624 Stabulensium
1520 1570 1644 1640 (SS.
1684 1571 1851 1638 XIII,
1905 1572 2171 1641 39—43)

279 1658 504 1725 fuerunt
552 1666 596 1708 et
633 1676 785 1726 usque
824 1658 895 1708 ad
934 1677 980 1710 a.
1017 1658 1144 1722 922,
1195 1658 1252 1707 ni
1282 1656 1486 1725 fallor,
1536 1657 1601 1708 ab
1648 1666 1852 1709 auctore
1899 1657 2172 1708 annalium

292 1743 613 1811 quorundam
654 1743 709 1793 in
748 1743 917 1795 codice
955 1743 1258 1794 Matritensi
1297 1743 1610 1793 inventorum
1651 1744 1876 1810 excerpti
1913 1751 2045 1809 sunt,
2085 1744 2175 1811 qui

291 1837 493 1879 auctore
548 1828 804 1879 Richario
857 1827 1034 1879 abbate
1085 1828 1380 1878 Prumiensi
1430 1826 1789 1895 (899—922)
1843 1836 1889 1878 et
1940 1829 2174 1896 episcopo

296 1912 564 1964 Leodiensi
602 1911 936 1979 (922—945)
977 1931 1022 1963 a.
1061 1913 1180 1966 922.
1227 1912 1506 1979 conscripti
1542 1920 1587 1981 et
1623 1912 1744 1963 inde
1783 1911 1969 1963 Leodii
2015 1913 2174 1963 conti-

290 1999 437 2050 nuati
474 2006 588 2050 sunt
603 1997 641 2049 6.
724 1998 962 2051 Collectio
1001 2006 1168 2049 autem
1207 1997 1307 2048 illa
1344 1997 1467 2048 haec
1505 1997 1708 2048 videtur
1747 1999 2079 2050 continuisse:

435 2115 477 2165 1.
543 2120 661 2163 acta
698 2112 885 2181 synodi
922 2113 1101 2163 tertiae
1142 2111 1308 2179 Aquis
1348 2111 1478 2179 Apr.
1516 2111 1596 2164 29.
1639 2109 1910 2176 habitae7;

434 2220 478 2270 2.
541 2219 813 2287 epistulam
868 2217 1082 2270 Arsenii
1131 2218 1289 2287 leyati
1336 2216 1630 2286 apostolici,
1684 2235 1785 2285 qua
1835 2216 2175 2287 Enyeltrudis

290 2304 489 2372 perfida
528 2304 749 2356 Bosonis
786 2321 918 2355 uocor
956 2323 1003 2356 a.
1039 2305 1157 2357 865.
1198 2303 1635 2355 excommunicata
1674 2301 1808 2367 (33ίὸ,-

434 2412 480 2462 3.
543 2411 816 2479 epistulam
852 2429 1023 2479 papae
1059 2410 1275 2461 Nicolai
1314 2410 1431 2463 867.
1473 2409 1588 2459 Ian.
1625 2410 1706 2462 25.
1748 2409 1821 2459 ad
1858 2428 2025 2478 reqem
2063 2408 2170 2460 Ka-

293 2496 458 2547 rolum
507 2496 810 2561 directam9,
865 2515 965 2565 qua
1013 2504 1182 2548 noster
1230 2495 1386 2547 etiam
1435 2495 1491 2545 in
1541 2494 1673 2546 libro
1725 2495 1786 2546 de
1837 2494 2173 2564 synodalibus

296 2582 462 2633 causis
500 2600 618 2633 usus
656 2590 755 2646 est,·

298 2752 340 2804 1)
371 2752 572 2797 Collectc'o
604 2767 825 2798 canonum
857 2754 1063 2797 ecclesiae
1094 2753 1350 2807 Hispanae,
1392 2752 1534 2795 Matr.
1572 2753 1706 2806 1808,-
1759 2752 1995 2806 Epistolae
2026 2751 2174 2795 decre-

296 2824 405 2867 tales
447 2838 502 2866 ac
542 2825 757 2878 rescripta
793 2824 1059 2879 ponteficum
1103 2824 1440 2875 Romanorum,
1494 2823 1551 2866 ib.
1586 2823 1720 2876 1821,-
1769 2822 1944 2877 Reyino
1985 2823 2176 2866 editione

298 2895 431 2937 multo
473 2894 668 2937 breviore
711 2909 822 2939 usus
864 2896 1041 2939 videtur
1083 2909 1186 2939 esse.
1307 2893 1349 2945 2)
1387 2894 1516 2937 Vitae
1561 2894 1719 2936 Albini
1757 2899 1797 2938 et
1833 2894 2027 2937 Paterni
2062 2893 2173 2936 ΜΘ.

300 2965 428 3008 Auct.
453 2969 542 3007 ant.
570 2966 654 3016 IV,
699 2966 736 3015 2,
769 2966 986 3020 27-37,
1035 2966 1218 3018 Arnulfi
1249 2965 1328 3009 SS.
1361 2978 1447 3008 rer.
1474 2965 1589 3008 Mer.
1613 2965 1686 3017 II,
1717 2965 1988 3018 426—446,
2027 2965 2178 3019 Eliqz'z·

300 3035 424 3088 apud
448 3036 692 3089 D'Achery
723 3035 1046 3092 ‘Spicileyeum'
1078 3038 1128 3088 V,
1156 3039 1250 3090 176,
1277 3036 1476 3080 Martini
1502 3037 1550 3078 in
1574 3035 1769 3090 Sulpicii
1789 3034 1940 3078 Severi
1967 3036 2176 3090 operibus

301 3105 365 3147 ed.
392 3104 434 3147 (J.
456 3106 607 3157 Halm,
637 3106 824 3150 Ve'ndob.
852 3108 977 3161 1866,
1003 3109 1171 3152 Aniani
1194 3108 1320 3161 apud
1344 3107 1550 3160 Theiner,
1583 3104 1642 3150 ‘S
1670 3106 1885 3162 Ilionam,
1917 3107 2028 3149 Par.
2050 3106 2174 3159 1832,

298 3188 340 3228 p.
364 3177 416 3218 13
441 3181 479 3218 et
495 3176 548 3218 37
573 3182 613 3220 ct
636 3178 761 3230 apud
777 3177 961 3220 Surium
983 3180 1037 3231 V,
1062 3180 1158 3231 417,
1186 3184 1354 3222 ceterae
1378 3179 1426 3221 in
1444 3177 1571 3222 Actis
1588 3177 1872 3221 Sanctorum.
1959 3176 2001 3229 3)
2034 3176 2115 3221 SS.
2133 3178 2173 3231 I,

302 3245 539 3289 134—218.
653 3248 696 3299 4)
730 3247 809 3290 SS.
835 3249 939 3300 XV,
964 3252 1002 3292 2.
1120 3250 1162 3301 5)
1196 3252 1314 3293 Acta
1339 3250 1491 3293 Sanct.
1511 3249 1645 3292 Febr.
1670 3249 1741 3301 ΙΙ,
1766 3249 1863 3292 842.
1980 3247 2023 3299 6)
2055 3248 2176 3291 Ann.

301 3317 593 3360 Prmnienses
625 3318 689 3360 ed.
726 3319 1105 3374 Homer-anm,
1147 3321 1227 3364 SS.
1255 3322 1361 3375 XV,
1395 3319 1649 3363 1289—92.
1767 3318 1809 3371 7)
1842 3318 2017 3369 Mansi,
2050 3316 2176 3362 ‘Con-

302 3387 498 3429 ciliorum
533 3388 739 3430 collectio'
767 3389 871 3439 XV,
904 3392 983 3433 611
1009 3404 1097 3445 sqq.
1238 3391 1281 3442 8)
1316 3391 1479 3434 Mansi
1502 3391 1605 3440 XV,
1638 3390 1721 3433 326
1745 3403 1807 3443 sq.
1939 3390 1982 3440 9)
2017 3390 2177 3433 Mans-i

307 3457 412 3509 XV,
444 3458 681 3501 315-321.
