2491 3724
564 165 893 210 REGINONIS
924 163 1282 210 CHRONICON.
1343 162 1394 205 A.
1420 163 1670 206 743—746.
1994 166 2045 207 41

328 294 476 337 Anno
509 293 809 337 dominicae
841 291 1246 336 incarnationis
1277 287 1556 332 DCCXLIII.
1629 286 1973 331 Car10mannusa
2005 293 2047 331 et
2072 299 2169 329 Ann.
2194 297 2303 333 Laut,

187 358 432 413 Pippinusb
464 360 614 400 contra
639 356 872 400 Odilonem
903 355 1055 397 ducem
1079 354 1410 397 Baioariorumc
1435 344 1700 395 duxerunt
1731 344 2052 394 exercitumd

188 427 240 472 et
262 428 457 470 inierunt
480 440 677 481 pugnam
700 425 754 470 et
777 419 999 469 victores
1025 415 1216 469 effecti.
1280 421 1625 466 Carlomannuse
1651 422 1849 476 absque
1881 420 2051 463 fratre

186 493 233 534 in
264 491 495 534 Saxoniam
525 491 740 544 perrexit
772 492 816 532 et
847 488 966 542 cepit
998 489 1209 537 castrum,
1249 485 1365 541 quod
1402 485 1565 528 dicitur
1594 483 1945 533 Hocseoburchf‚
1976 497 2053 537 per

185 555 403 610 placitum
446 551 496 597 et
532 547 681 612 pacis
720 544 1075 597 conditionem
1116 554 1159 592 et
1201 547 1516 591 Theodericum
1558 547 1771 590 Saxonem
1814 545 2052 590 obsidem

188 626 422 679 accepit3
468 618 560 683 qui
598 614 945 668 sacramentis
984 612 1124 664 datis
1169 612 1225 662 in
1261 612 1494 678 patriam
1533 610 1818 661 dimissusg
1857 616 1935 661 est
1972 626 2052 660 re-

186 688 316 752 dire,
357 687 448 740 sed
485 686 793 753 posthabito
833 687 1167 735 sacramento
1206 681 1451 733 fefellit*

327 787 475 830 Anno
524 784 825 827 dominicae
874 781 1275 825 incarnationis
1324 778 1630 823 DCCXLIIII.
1671 779 1866 821 iterumh
1908 777 2054 821 Carlo-

186 857 371 886 mannus
414 845 459 885 et
496 842 711 895 Pippinus
750 839 1038 882 Saxoniam
1077 851 1188 880 cum
1231 837 1475 879 exercitu
1516 836 1754 891 ingressi
1797 836 1967 885 sunti,
2012 839 2054 877 et

186 899 424 942 rursumk
455 901 608 952 captus
639 899 707 939 est
737 894 1084 950 supradictus
1115 893 1418 937 Theodericus.

324 975 475 1019 Anno
513 974 814 1018 dominicae
844 972 1243 1015 incarnationis
1275 969 1519 1014 DCCXLV.
1580 968 1918 1013 Carlomannusl
1959 983 2054 1012 con-

185 1032 321 1075 fessus
347 1035 413 1075 est
437 1045 512 1075 suo
537 1039 791 1086 germano111
815 1029 1017 1084 Pippino,
1044 1028 1157 1084 quod
1188 1030 1362 1071 mente
1395 1027 1756 1081 disposuisset
1788 1026 2055 1069 seculumn

183 1095 428 1152 relinquere
461 1094 513 1138 et
550 1104 645 1153 pro
685 1103 867 1137 amore
906 1086 1005 1136 Dei
1041 1102 1261 1152 regnum
1297 1089 1569 1135 terrenum
1609 1083 1863 1145 deserere,
1904 1089 1963 1133 ut
2001 1083 2053 1132 in

182 1159 368 1210 futura
412 1158 520 1209 vita
565 1156 1007 1221 centuplicatamo
1057 1157 1318 1220 reciperet
1366 1153 1802 1219 possessionemP.
1885 1161 1942 1203 Et
1980 1161 2055 1203 inq

183 1230 278 1273 hoc
301 1244 413 1273 anno
436 1229 608 1272 nullam
632 1228 830 1271 fecerunt
855 1226 1278 1280 expeditionem,
1310 1225 1385 1268 sed
1416 1226 1826 1278 preparaveruntr
1856 1237 1907 1266 se
1937 1227 2055 1266 uter-

185 1301 281 1342 que,
306 1286 622 1330 Carlomannus
647 1284 703 1327 ad
726 1285 825 1332 iter,
859 1282 995 1339 quod
1026 1282 1361 1332 decreverat,
1395 1285 1439 1324 et
1462 1281 1691 1335 Pippinus‚
1722 1283 1773 1323 ut
1797 1293 2055 1334 germanum

185 1359 342 1393 suums
381 1350 444 1393 ad
481 1350 649 1392 locum
690 1347 1049 1390 destinatumt
1093 1345 1327 1389 honorifice
1367 1358 1465 1386 cum
1494 1344 1748 1387 muneribus
1789 1343 1840 1387 et
1877 1336 2056 1387 debita

185 1411 547 1464 munificentia
583 1418 1012 1473 prosequeretur.

327 1503 474 1546 Anno
499 1503 796 1546 dominicae
816 1499 1215 1543 incarnationis
1234 1497 1505 1542 DCCXLVI.
1538 1497 1854 1542 Carlomannus
1870 1498 2057 1541 Romam

185 1560 389 1614 perrexit,
422 1560 572 1615 ibique
603 1572 648 1601 se
679 1557 874 1601 totondit
905 1559 950 1600 et
979 1557 1025 1599 in
1057 1555 1239 1609 Sar-epte
1251 1565 1273 1586 11
1297 1559 1444 1598 monte
1467 1556 1784 1598 monasterium
1809 1554 2057 1597 aedificavit

183 1618 232 1659 in
261 1618 420 1659 honore
451 1616 597 1659 sancti
628 1615 845 1658 Silvestri.
905 1613 1063 1669 Ibique
1089 1612 1300 1668 aliquodv
1323 1615 1498 1666 tempus
1522 1626 1690 1655 moram
1714 1612 1879 1654 faciens
1904 1611 2057 1654 exinde

187 1673 241 1716 ad
282 1675 481 1716 sanctum
520 1672 809 1715 Benedictum
851 1671 899 1713 in
940 1669 1170 1713 Cassinum
1206 1682 1343 1724 usque
1380 1669 1594 1722 pervenit,
1634 1672 1679 1711 et
1717 1668 1781 1711 ibi
1820 1668 2056 1711 monachus

185 1737 364 1780 effectus
397 1739 475 1780 est.
575 1729 765 1780 Fertur
816 1731 1038 1778 autemW
1091 1725 1156 1776 de
1207 1725 1306 1776 hoc
1359 1732 1541 1776 sancto
1594 1725 1704 1775 viro
1758 1724 2051 1791 exemplum

183 1799 544 1851 memorabile.
609 1797 742 1850 Cum
772 1796 945 1848 adhuc
977 1796 1177 1847 Romae
1208 1795 1416 1861 positus
1447 1796 1502 1846 in
1536 1795 1876 1858 monasteriO,
1916 1794 2058 1861 quod

183 1870 288 1921 sibi
318 1868 706 1933 aedificaverat,
746 1867 814 1919 ab
847 1866 1091 1918 omnibus
1121 1871 1340 1933 propter
1376 1868 1576 1932 regiam
1616 1865 1949 1917 nobilitatem
1989 1872 2055 1927 et,

183 1940 326 2008 quod
351 1940 520 1991 maius
545 1944 638 2001 est,
669 1943 888 2007 propter
919 1942 1280 2003 contemptum
1310 1938 1459 2003 regni
1489 1937 1721 1988 terreniX
1756 1941 1808 1987 et
1831 1936 2057 2003 gloriam

185 2011 446 2077 presentis
486 2010 651 2062 seculi
687 2013 1031 2061 veneraretur
1070 2013 1121 2060 et
1158 2006 1406 2058 laudibus
1447 2007 1813 2070 extolleretur,
1864 2007 2056 2058 timens

186 2082 265 2132 vir
287 2081 399 2133 Deo
433 2081 619 2147 plenus
649 2080 885 2132 favorem
915 2078 1091 2130 laudis
1122 2078 1400 2142 humanae,
1436 2079 1528 2144 qui
1550 2082 1701 2129 tanta
1724 2094 1820 2144 pro
1848 2077 2057 2130 Christo

186 2152 503 2219 reliquerat,
558 2151 738 2218 fugam
797 2151 966 2217 magis
1027 2150 1266 2216 arripere
1320 2149 1611 2214 disposuit,
1673 2166 1834 2215 quam
1893 2165 2057 2199 vanae

188 2223 391 2289 gloriae
431 2222 719 2274 subiacere.
807 2221 877 2272 Et
913 2220 1015 2272 hoc
1053 2219 1424 2271 tantummodo
1465 2236 1569 2270 uno
1610 2217 1716 2270 fido
1756 2219 1897 2270 socio
1937 2236 2057 2270 con-

187 2294 385 2357 fessus,
449 2310 608 2360 quem
660 2292 727 2343 ab
779 2291 1001 2343 infantia
1057 2291 1111 2341 in
1164 2290 1407 2341 omnibus
1459 2289 1668 2342 fidelem
1720 2289 2057 2357 probaverat,

189 2382 307 2416 cum
367 2381 426 2416 eo
484 2368 648 2416 noctu
705 2361 949 2415 omnibus
1007 2361 1223 2413 insciisy
1274 2361 1483 2428 aufugit
1543 2366 1595 2412 et
1653 2361 1722 2412 ad
1776 2360 2059 2412 Cassinum

187 2439 415 2487 montem
440 2452 608 2501 usque
632 2434 892 2501 pervenit3
925 2432 1059 2483 nihil
1083 2449 1260 2484 secum
1283 2438 1506 2499 portans
1531 2449 1594 2483 ex
1620 2431 1865 2483 omnibus
1890 2431 2058 2493 boniS,

189 2522 327 2571 quae
364 2506 575 2572 corpori
614 2510 768 2555 erant
804 2504 1122 2566 necessaria,
1163 2503 1336 2554 nudus
1366 2502 1637 2554 Christum
1677 2508 1890 2554 secutus
1931 2507 2057 2553 estz.

190 2576 262 2626 Et
295 2576 446 2626 iuxta
479 2593 678 2627 morem
712 2579 921 2641 portam
953 2574 1262 2625 monasterii
1293 2573 1512 2641 pulsans
1544 2573 1865 2640 colloquium
1889 2573 2059 2639 patris

189 2646 501 2697 monasterii
546 2645 790 2712 expetiit3
842 2645 898 2695 in
945 2644 1096 2695 cuius
1145 2644 1451 2710 presentiaa
1490 2661 1608 2695 cum
1649 2644 1890 2705 venisset,
1940 2658 2059 2693 mox

190 2717 243 2766 in
297 2721 495 2767 terram
549 2715 777 2778 corruit,
833 2732 889 2766 se
940 2714 1261 2766 homicidam
1314 2731 1454 2772 esse,
1517 2731 1572 2765 se
1624 2731 1770 2764 reum
1824 2714 2058 2764 omnium

189 2787 471 2838 criminum
485 2790 786 2854 protestans
804 2784 1224 2836 misericordiam
1241 2785 1491 2852 exposcit,
1508 2784 1870 2851 poenitentiae
1885 2784 2059 2834 locum

190 2857 435 2924 exquirit.
512 2858 684 2919 Pater,
725 2873 842 2908 cum
881 2855 1145 2907 hominem
1182 2856 1517 2922 peregrinum
1557 2872 1672 2906 esse
1711 2855 2056 2921 cognovisset,

187 2928 498 2995 interrogat,
548 2927 697 2979 cuius
746 2926 951 2992 patriae
1002 2931 1096 2977 aut
1132 2925 1302 2992 gentis
1349 2930 1510 2987 esset3
1564 2930 1619 2976 at
1657 2925 1746 2976 ille
1787 2924 2059 2976 confessus

286 3039 325 3094 *)
358 3041 439 3083 His
469 3040 739 3096 temporibus
771 3039 947 3083 fundari
978 3042 1184 3094 coeptum
1217 3040 1283 3081 est
1315 3037 1532 3080 Fuldense
1565 3039 1818 3081 coenobium
1853 3051 1877 3080 a
1909 3041 2060 3080 sancto

360 3098 587 3142 Bonifacio
619 3098 943 3152 archiepiscopo
974 3097 1022 3139 in
1054 3095 1293 3139 solitudine
1324 3095 1544 3138 Bochonia
1575 3096 1680 3138 add.
1706 3096 1841 3138 B‘2b.

192 3195 226 3234 a)
264 3197 425 3228 Karlom.
455 3197 534 3229 A2.
559 3198 595 3236 33
631 3205 781 3227 carrom.
806 3197 838 3227 Β
854 3196 885 3226 2.
995 3194 1034 3236 b)
1069 3195 1215 3234 pipinus
1241 3194 1304 3225 A3
1336 3194 1488 3232 saepius.
1598 3193 1631 3232 c)
1668 3193 1798 3226 bawar.
1821 3193 1851 3224 A
1867 3194 1886 3224 3
1915 3201 2058 3231 semper.

193 3239 228 3275 d)
252 3238 343 3270 deest
368 3240 401 3270 Β
417 3241 447 3270 2.
537 3239 572 3280 e)
597 3239 757 3270 Karlom.
783 3239 813 3269 A
830 3239 849 3269 3
871 3247 1025 3276 semper,·
1060 3246 1207 3268 carrom.
1234 3238 1265 3267 Β
1282 3238 1312 3270 2.
1398 3235 1427 3275 f)
1449 3235 1676 3266 hocseoburh
1701 3236 1732 3266 Β
1749 3238 1777 3267 1.
1805 3237 1836 3266 2.
1925 3237 1962 3274 g)
1985 3243 2061 3273 per-

193 3282 329 3312 missus
353 3282 430 3313 A3.
519 3282 558 3321 h)
582 3282 673 3312 Item
696 3282 727 3312 A
743 3282 774 3312 2.
863 3281 888 3319 i)
910 3281 1102 3319 ingressus
1127 3284 1160 3310 et
1183 3281 1215 3310 Β
1232 3281 1263 3310 3.
1361 3278 1400 3319 k)
1423 3287 1551 3309 rursus
1576 3278 1605 3308 A
1623 3279 1651 3309 3.
1676 3279 1708 3308 Β
1723 3279 1754 3309 3.
1844 3278 1871 3314 1)
1897 3277 2058 3308 Karlom.

193 3323 224 3353 A
241 3324 271 3353 2.
297 3325 329 3354 3.
385 3323 436 3360 111)
461 3327 518 3356 est
540 3325 641 3355 fratri
664 3324 695 3354 A
710 3325 742 3356 3.
795 3322 836 3364 n)
856 3326 1025 3354 see-et
1049 3323 1171 3353 desunt
1194 3322 1224 3352 A
1241 3322 1272 3352 3.
1325 3320 1360 3361 o)
1383 3321 1663 3359 centuplicatum
1688 3321 1717 3351 A
1736 3322 1766 3354 3.
1809 3319 1847 3359 p)
1869 3321 1962 3350 deest
1984 3320 2013 3349 A
2029 3320 2059 3348 3.

194 3366 230 3403 q)
253 3365 343 3396 dee-st
365 3367 395 3397 A
411 3367 447 3405 3;
482 3367 590 3397 etiam
612 3367 680 3397 hoc
704 3366 735 3396 A
751 3367 781 3396 ἱ).
870 3366 901 3403 r)
930 3366 1215 3403 preparabantur
1238 3364 1340 3395 Karl.
1367 3363 1398 3394 A
1413 3364 1450 3401 33
1481 3364 1687 3401 preparavit
1710 3364 1741 3393 Β
1759 3365 1788 3393 1.
1813 3364 1844 3393 2.
1934 3362 1964 3396 s)
1996 3361 2061 3391 fra-

193 3411 282 3437 trem
306 3408 337 3438 A
352 3409 385 3439 3.
445 3407 472 3448 t)
495 3408 584 3439 deest
604 3409 637 3439 Β
653 3410 684 3439 2.
746 3407 783 3447 u)
807 3408 939 3445 sarepti
962 3407 993 3438 A
1008 3408 1045 3441 2:
1080 3408 1212 3438 soracti
1236 3407 1266 3437 A
1281 3407 1317 3444 33
1355 3408 1500 3444 sarapte
1524 3406 1555 3435 B
1572 3406 1601 3435 2.
1663 3405 1702 3445 v)
1725 3413 1788 3443 per
1810 3404 1895 3442 aliq.
1920 3404 1949 3434 A
1966 3404 1998 3433 2.
2023 3403 2052 3434 3.

191 3449 238 3488 w)
262 3449 355 3480 deest
376 3450 452 3482 A3.
525 3451 563 3485 x)
585 3450 686 3481 hinc
709 3452 873 3489 incipit
893 3452 990 3487 post
1012 3451 1093 3480 tres
1118 3450 1364 3480 fasciculos
1394 3448 1578 3478 amissos
1609 3449 1792 3486 quintus
1814 3448 2000 3484 qualern
2024 3446 2059 3474 io

194 3491 368 3523 codicis
391 3492 422 3523 A
440 3495 469 3523 1.
558 3492 598 3531 y)
622 3492 763 3532 aufugit
784 3491 911 3523 insciis
938 3492 969 3522 Β
985 3492 1016 3522 2.
1108 3492 1143 3531 z)
1168 3491 1258 3522 deest
1282 3492 1313 3521 Β
1332 3494 1360 3522 1.
1384 3491 1415 3521 3.
1505 3492 1537 3525 a)
1560 3489 1777 3528 presentiam
1802 3489 1831 3518 A
1848 3489 1880 3519 3.
