2491 3724
608 173 615 181 ’
687 184 1095 230 coNTINUArio
1127 184 1467 230 REGINoNJs,
1529 187 1581 231 A.
1605 187 1700 231 967.
2045 193 2125 236 179

258 327 379 362 vero
417 309 491 362 ibi
530 315 835 362 sanctorum
875 312 1109 363 omnium
1148 311 1434 364 festivitate
1472 329 1566 379 per
1595 313 1871 364 Mantuam
1901 313 2127 382 indeque
2151 334 2240 364 Serv.
2261 339 2286 365 1.

258 381 463 448 navigio
502 381 808 433 Ravennam
853 381 1079 448 digressi
1125 383 1258 434 actis
1304 382 1379 434 ibi
1425 382 1628 450 aliquot
1672 382 1857 435 diebus
1905 384 2125 436 Romam

259 451 536 503 tendentes
582 451 701 505 XII.
734 452 852 506 Kal.
885 451 1121 504 Ianuarii
1164 459 1517 519 pervenerunt
1561 458 1614 504 et
1659 454 1823 506 tercio
1876 453 1944 505 ab
1998 454 2127 507 urbe
2154 474 2238 506 Dee.
2256 476 2306 505 21.

254 521 486 573 miliario
522 523 809 573 maximam
849 528 1154 574 senatorum
1192 523 1588 574 multitudinem
1628 541 1746 575 cum
1793 525 2037 577 crucibus
2077 531 2127 577 et

257 592 424 658 signis
464 597 516 643 et
554 592 804 644 laudibus
842 592 1053 644 obviam
1089 592 1411 644 habuerunt.
1497 594 1729 645 Domnus
1769 600 1948 646 autem
1987 613 2126 662 papa

257 662 313 713 in
358 662 612 729 gradibus
657 662 800 714 beati
844 662 991 714 Petri
1034 662 1272 714 residens
1320 680 1407 714 eos
1453 662 1741 715 honorifice
1792 667 2023 733 suscepit
2078 672 2339 725 et<nec.21).

259 733 502 798 sequenti
551 732 636 784 die
687 732 937 784 Ottonem
993 750 1170 799 regem
1226 733 1612 785 acclamatione
1669 735 1843 786 tocius
1893 736 2127 787 Romane
2154 756 2344 796 (necem.

255 803 425 870 plebis
471 808 594 854 ante
641 802 1030 854 confessionem
1075 802 1218 854 beati
1264 804 1407 855 Petri
1454 821 1689 856 cesarem
1742 811 1794 857 et
1845 811 2128 873 augustum

258 873 522 925 ordinavit
538 873 581 940 13
606 872 856 940 factaque
882 879 962 926 est
984 890 1090 925 non
1116 873 1323 925 modica
1347 875 1667 926 nostratium
1694 882 1744 927 et
1769 876 2128 928 Romanorum

255 943 436 995 leticia
467 942 531 994 de
562 943 944 996 iocundissima
976 944 1204 996 duorum
1235 951 1582 1012 augustorum
1615 963 1733 998 cum
1767 946 1957 999 domno
1988 965 2128 1015 papa

255 1014 615 1067 conventione.

259 1170 300 1221 1)
331 1171 441 1214 Dec.
467 1170 547 1223 25;
587 1171 825 1214 Dilmmler
854 1172 950 1214 4:29.

938 1478 1446 1506 —Qeffl—

960 2409 1441 2448 CORRIGENDA.

599 2506 685 2545 Pay.
704 2505 744 2536 28
767 2506 804 2536 in
828 2506 979 2546 marqine
1003 2505 1200 2545 641—643]
1227 2507 1299 2547 lege
1317 2507 1390 2538 641.

592 2571 631 2600 p.
651 2561 692 2592 98
715 2569 749 2590 n.
769 2561 787 2592 3
811 2562 832 2594 l.
847 2561 1043 2592 858—875.

593 2628 634 2657 p.
653 2616 694 2648 99
719 2619 742 2649 I.
761 2618 780 2647 8
802 2617 1062 2657 Magontiaeae]
1087 2619 1109 2648 l.
1128 2619 1384 2657 Mogontiaeae.

682 2674 724 2703 ib.
773 2683 806 2703 η.
826 2672 865 2713 h)
888 2673 979 2704 adde
1001 2674 1248 2713 magontiacae
1272 2674 1302 2704 A
1320 2677 1349 2714 1,
1374 2674 1448 2706 dele
1473 2676 1716 2713 mogontiacae
1742 2676 1772 2706 B
1789 2678 1819 2707 1.
1840 2676 1870 2706 3.

598 2739 634 2768 p.
656 2730 717 2760 120
741 2739 777 2761 n.
795 2729 832 2768 x)
856 2728 1054 2769 hominum]
1081 2731 1102 2761 l.
1118 2731 1316 2762 bominum.

594 2794 633 2823 p.
655 2785 715 2815 138
739 2786 763 2815 l.
780 2786 800 2816 8
823 2784 1121 2824 Magontiacensi]
1147 2787 1168 2815 l.
1189 2785 1482 2824 Mogontiacensi.

682 2841 727 2871 ib.
774 2851 808 2872 π.
831 2840 870 2880 k)
895 2840 986 2873 adde
1009 2842 1294 2880 magontiacensi
1316 2842 1346 2872 A
1365 2843 1394 2872 1.
1420 2841 1452 2871 Β
1467 2843 1497 2873 3.

599 2906 633 2935 p.
653 2895 713 2926 159
736 2906 773 2927 n.
793 2897 810 2927 7
834 2895 1079 2936 Trevirensis]
1106 2899 1128 2928 l.
1147 2897 1419 2936 Mogontiensis.

596 2961 633 2991 p.
652 2953 712 2984 166
736 2953 758 2982 l.
777 2953 840 2984 7-8
863 2952 1105 2984 Veronensisl
1131 2956 1165 2984 et
1188 2951 1450 2992 Aquileiensis]
1475 2955 1498 2985 l.
1517 2953 1736 2985 Veronensis
1762 2958 1795 2985 et
1820 2953 2104 2993 Aquileiensisl.

594 3018 635 3047 p.
656 3009 716 3039 173
739 3009 761 3038 l.
787 3009 906 3039 ullima
931 3009 968 3039 in
992 3010 1146 3049 maryine
1171 3008 1373 3040 addendum
1397 3007 1485 3048 Apr.
1502 3010 1532 3041 3.

603 3075 638 3104 p.
657 3065 719 3095 174
742 3065 763 3095 l.
784 3067 799 3095 1
825 3066 862 3095 in
885 3065 1035 3105 margine
1059 3065 1146 3104 Apr.
1166 3065 1185 3096 3
1209 3064 1403 3097 delendum.

1790 3579 1875 3627 12*
