<?xml version="1.0" encoding="UTF-8"?>
<!DOCTYPE html PUBLIC "-//W3C//DTD XHTML 1.0 Transitional//EN"
    "http://www.w3.org/TR/xhtml1/DTD/xhtml1-transitional.dtd">
<html xmlns="http://www.w3.org/1999/xhtml" xml:lang="en" lang="en">
 <head>
  <title>
</title>
<meta http-equiv="Content-Type" content="text/html;charset=utf-8" />
  <meta name='ocr-system' content='tesseract 3.04.00' />
  <meta name='ocr-capabilities' content='ocr_page ocr_carea ocr_par ocr_line ocrx_word'/>
</head>
<body>
  <div class='ocr_page' id='page_1' title='image "./reginonisabbatis00regiuoft_0058.png"; bbox 0 0 2491 3724; ppageno 0'>
   <div class='ocr_carea' id='block_1_1' title="bbox 70 510 301 621">
    <p class='ocr_par' dir='ltr' id='par_1_1' title="bbox 70 510 301 621">
     <span class='ocr_line' id='line_1_1' title="bbox 71 510 301 551; baseline -0.004 -9"><span class='ocrx_word' id='word_1_1' title='bbox 71 510 200 550; x_wconf 80' lang='lat'>(698—</span> <span class='ocrx_word' id='word_1_2' title='bbox 215 511 301 551; x_wconf 81' lang='lat'>705).</span> 
     </span>
     <span class='ocr_line' id='line_1_2' title="bbox 70 581 301 621; baseline 0.004 -9"><span class='ocrx_word' id='word_1_3' title='bbox 70 582 111 612; x_wconf 86' lang='lat' dir='ltr'>P.</span> <span class='ocrx_word' id='word_1_4' title='bbox 123 581 237 621; x_wconf 87' lang='lat' dir='ltr'>D.V1,</span> <span class='ocrx_word' id='word_1_5' title='bbox 248 582 301 614; x_wconf 88' lang='lat'>13.</span> 
     </span>
    </p>
   </div>
   <div class='ocr_carea' id='block_1_2' title="bbox 185 759 300 790">
    <p class='ocr_par' dir='ltr' id='par_1_2' title="bbox 185 759 300 790">
     <span class='ocr_line' id='line_1_3' title="bbox 185 759 300 790; baseline 0 0"><span class='ocrx_word' id='word_1_6' title='bbox 185 759 300 790; x_wconf 82' lang='lat' dir='ltr'>Beda.</span> 
     </span>
    </p>
   </div>
   <div class='ocr_carea' id='block_1_3' title="bbox 69 986 297 1025">
    <p class='ocr_par' dir='ltr' id='par_1_3' title="bbox 69 986 297 1025">
     <span class='ocr_line' id='line_1_4' title="bbox 69 986 297 1025; baseline -0.009 -7"><span class='ocrx_word' id='word_1_7' title='bbox 69 986 112 1018; x_wconf 89' lang='lat' dir='ltr'>G.</span> <span class='ocrx_word' id='word_1_8' title='bbox 131 987 224 1025; x_wconf 84' lang='lat' dir='ltr'>Dag.</span> <span class='ocrx_word' id='word_1_9' title='bbox 246 986 297 1017; x_wconf 81' lang='lat'>52.</span> 
     </span>
    </p>
   </div>
   <div class='ocr_carea' id='block_1_4' title="bbox 69 1156 303 1197">
    <p class='ocr_par' dir='ltr' id='par_1_4' title="bbox 69 1156 303 1197">
     <span class='ocr_line' id='line_1_5' title="bbox 69 1156 303 1197; baseline 0 -10"><span class='ocrx_word' id='word_1_10' title='bbox 69 1157 111 1189; x_wconf 90' lang='lat' dir='ltr'>P.</span> <span class='ocrx_word' id='word_1_11' title='bbox 123 1156 238 1197; x_wconf 86' lang='lat' dir='ltr'>D.V1,</span> <span class='ocrx_word' id='word_1_12' title='bbox 250 1158 303 1187; x_wconf 85' lang='lat'>14.</span> 
     </span>
    </p>
   </div>
   <div class='ocr_carea' id='block_1_5' title="bbox 69 1496 300 1529">
    <p class='ocr_par' dir='ltr' id='par_1_5' title="bbox 69 1496 300 1529">
     <span class='ocr_line' id='line_1_6' title="bbox 69 1496 300 1529; baseline 0 -1"><span class='ocrx_word' id='word_1_13' title='bbox 69 1497 111 1529; x_wconf 90' lang='lat' dir='ltr'>V.</span> <span class='ocrx_word' id='word_1_14' title='bbox 138 1496 300 1528; x_wconf 84' lang='lat' dir='ltr'>Landeb.</span> 
     </span>
    </p>
   </div>
   <div class='ocr_carea' id='block_1_6' title="bbox 68 1795 301 1972">
    <p class='ocr_par' dir='ltr' id='par_1_6' title="bbox 68 1795 301 1972">
     <span class='ocr_line' id='line_1_7' title="bbox 68 1795 298 1839; baseline -0.017 -9"><span class='ocrx_word' id='word_1_15' title='bbox 68 1799 195 1839; x_wconf 70' lang='lat'>(705-</span> <span class='ocrx_word' id='word_1_16' title='bbox 211 1795 298 1836; x_wconf 80' lang='lat'>711).</span> 
     </span>
     <span class='ocr_line' id='line_1_8' title="bbox 188 1867 297 1899; baseline -0.009 -1"><span class='ocrx_word' id='word_1_17' title='bbox 188 1867 297 1899; x_wconf 85' lang='lat' dir='ltr'>Beda.</span> 
     </span>
     <span class='ocr_line' id='line_1_9' title="bbox 70 1932 301 1972; baseline -0.004 -6"><span class='ocrx_word' id='word_1_18' title='bbox 70 1934 111 1966; x_wconf 89' lang='lat' dir='ltr'>P.</span> <span class='ocrx_word' id='word_1_19' title='bbox 123 1932 301 1972; x_wconf 82' lang='lat' dir='ltr'>D.VI,31.</span> 
     </span>
    </p>
   </div>
   <div class='ocr_carea' id='block_1_7' title="bbox 73 2332 301 2370">
    <p class='ocr_par' dir='ltr' id='par_1_7' title="bbox 73 2332 301 2370">
     <span class='ocr_line' id='line_1_10' title="bbox 73 2332 301 2370; baseline -0.009 -7"><span class='ocrx_word' id='word_1_20' title='bbox 73 2332 301 2370; x_wconf 85' lang='lat' dir='ltr'>P.D.VI,31.</span> 
     </span>
    </p>
   </div>
   <div class='ocr_carea' id='block_1_8' title="bbox 93 2615 303 2656">
    <p class='ocr_par' dir='ltr' id='par_1_8' title="bbox 93 2615 303 2656">
     <span class='ocr_line' id='line_1_11' title="bbox 93 2615 303 2656; baseline -0.005 -9"><span class='ocrx_word' id='word_1_21' title='bbox 93 2616 143 2647; x_wconf 86' lang='lat' dir='ltr'>ib.</span> <span class='ocrx_word' id='word_1_22' title='bbox 162 2615 225 2656; x_wconf 81' lang='lat' dir='ltr'>vl,</span> <span class='ocrx_word' id='word_1_23' title='bbox 249 2616 303 2647; x_wconf 81' lang='lat'>32.</span> 
     </span>
    </p>
   </div>
   <div class='ocr_carea' id='block_1_9' title="bbox 325 163 1821 213">
    <p class='ocr_par' dir='ltr' id='par_1_9' title="bbox 325 163 1821 213">
     <span class='ocr_line' id='line_1_12' title="bbox 325 163 1821 213; baseline 0.003 -4"><span class='ocrx_word' id='word_1_24' title='bbox 325 167 382 209; x_wconf 77' lang='lat'>34</span> <span class='ocrx_word' id='word_1_25' title='bbox 707 163 1037 208; x_wconf 81' lang='lat' dir='ltr'>REGINONIS</span> <span class='ocrx_word' id='word_1_26' title='bbox 1069 163 1430 208; x_wconf 83' lang='lat' dir='ltr'>CHRONICON.</span> <span class='ocrx_word' id='word_1_27' title='bbox 1492 166 1544 209; x_wconf 87' lang='lat' dir='ltr'>A.</span> <span class='ocrx_word' id='word_1_28' title='bbox 1571 169 1821 213; x_wconf 83' lang='lat'>635—647.</span> 
     </span>
    </p>
   </div>
   <div class='ocr_carea' id='block_1_10' title="bbox 325 290 2205 460">
    <p class='ocr_par' dir='ltr' id='par_1_10' title="bbox 325 290 2205 460">
     <span class='ocr_line' id='line_1_13' title="bbox 327 290 2204 350; baseline 0.003 -16"><span class='ocrx_word' id='word_1_29' title='bbox 327 291 380 335; x_wconf 86' lang='lat' dir='ltr'>de</span> <span class='ocrx_word' id='word_1_30' title='bbox 410 292 669 334; x_wconf 74' lang='lat' dir='ltr'>Brittannia</span> <span class='ocrx_word' id='word_1_31' title='bbox 708 292 854 346; x_wconf 89' lang='lat' dir='ltr'>gentis</span> <span class='ocrx_word' id='word_1_32' title='bbox 887 290 1134 346; x_wconf 88' lang='lat' dir='ltr'>Anglorum</span> <span class='ocrx_word' id='word_1_33' title='bbox 1175 292 1235 334; x_wconf 90' lang='lat' dir='ltr'>ob</span> <span class='ocrx_word' id='word_1_34' title='bbox 1276 293 1513 346; x_wconf 77' lang='lat' dir='ltr'><strong>gratiam</strong></span> <span class='ocrx_word' id='word_1_35' title='bbox 1553 296 1863 350; x_wconf 69' lang='lat' dir='ltr'>evangeliia</span> <span class='ocrx_word' id='word_1_36' title='bbox 1896 296 1949 338; x_wconf 90' lang='lat' dir='ltr'>in</span> <span class='ocrx_word' id='word_1_37' title='bbox 1990 295 2204 340; x_wconf 82' lang='lat' dir='ltr'>Gallias</span> 
     </span>
     <span class='ocr_line' id='line_1_14' title="bbox 325 348 2205 409; baseline 0.003 -18"><span class='ocrx_word' id='word_1_38' title='bbox 325 349 600 392; x_wconf 87' lang='lat' dir='ltr'>transiens</span> <span class='ocrx_word' id='word_1_39' title='bbox 633 363 658 390; x_wconf 91' lang='lat' dir='ltr'>a</span> <span class='ocrx_word' id='word_1_40' title='bbox 689 348 849 402; x_wconf 86' lang='lat' dir='ltr'>Sergio</span> <span class='ocrx_word' id='word_1_41' title='bbox 880 361 996 401; x_wconf 90' lang='lat' dir='ltr'>papa</span> <span class='ocrx_word' id='word_1_42' title='bbox 1027 348 1268 401; x_wconf 87' lang='lat' dir='ltr'>episcopus</span> <span class='ocrx_word' id='word_1_43' title='bbox 1301 349 1542 392; x_wconf 86' lang='lat' dir='ltr'>Fresonum</span> <span class='ocrx_word' id='word_1_44' title='bbox 1580 355 1928 395; x_wconf 87' lang='lat' dir='ltr'>consecratur</span> <span class='ocrx_word' id='word_1_45' title='bbox 1959 357 2121 409; x_wconf 90' lang='lat' dir='ltr'>atque</span> <span class='ocrx_word' id='word_1_46' title='bbox 2152 354 2205 396; x_wconf 90' lang='lat' dir='ltr'>in</span> 
     </span>
     <span class='ocr_line' id='line_1_15' title="bbox 326 403 1646 460; baseline 0 -12"><span class='ocrx_word' id='word_1_47' title='bbox 326 405 543 449; x_wconf 89' lang='lat' dir='ltr'>eandem</span> <span class='ocrx_word' id='word_1_48' title='bbox 575 408 789 460; x_wconf 89' lang='lat' dir='ltr'>gentem</span> <span class='ocrx_word' id='word_1_49' title='bbox 822 403 885 447; x_wconf 89' lang='lat' dir='ltr'>ad</span> <span class='ocrx_word' id='word_1_50' title='bbox 915 404 1335 458; x_wconf 84' lang='lat' dir='ltr'>predicandumb</span> <span class='ocrx_word' id='word_1_51' title='bbox 1367 405 1646 460; x_wconf 75' lang='lat' dir='ltr'>dirigitur.</span> 
     </span>
    </p>
   </div>
   <div class='ocr_carea' id='block_1_11' title="bbox 1100 492 1448 552">
    <p class='ocr_par' dir='ltr' id='par_1_11' title="bbox 1100 492 1448 552">
     <span class='ocr_line' id='line_1_16' title="bbox 1100 492 1448 552; baseline -0.003 -1"><span class='ocrx_word' id='word_1_52' title='bbox 1100 492 1218 552; x_wconf 78' lang='lat'>635</span> <span class='ocrx_word' id='word_1_53' title='bbox 1233 525 1296 532; x_wconf 92' lang='lat'>-—</span> <span class='ocrx_word' id='word_1_54' title='bbox 1314 492 1448 552; x_wconf 82' lang='lat'>641.</span> 
     </span>
    </p>
   </div>
   <div class='ocr_carea' id='block_1_12' title="bbox 471 566 2205 642">
    <p class='ocr_par' dir='ltr' id='par_1_12' title="bbox 471 566 2205 642">
     <span class='ocr_line' id='line_1_17' title="bbox 471 566 2205 642; baseline 0.007 -25"><span class='ocrx_word' id='word_1_55' title='bbox 471 568 624 619; x_wconf 90' lang='lat' dir='ltr'>Anno</span> <span class='ocrx_word' id='word_1_56' title='bbox 656 566 954 618; x_wconf 82' lang='lat' dir='ltr'>dominicae</span> <span class='ocrx_word' id='word_1_57' title='bbox 989 566 1376 619; x_wconf 81' lang='lat' dir='ltr'>incarnationis</span> <span class='ocrx_word' id='word_1_58' title='bbox 1411 566 1750 622; x_wconf 80' lang='lat' dir='ltr'>DCXXXV.⁰</span> <span class='ocrx_word' id='word_1_59' title='bbox 1824 584 2028 627; x_wconf 78' lang='lat' dir='ltr'>Tiberius</span> <span class='ocrx_word' id='word_1_60' title='bbox 2060 600 2205 642; x_wconf 84' lang='lat' dir='ltr'>regn.</span> 
     </span>
    </p>
   </div>
   <div class='ocr_carea' id='block_1_13' title="bbox 325 638 2208 865">
    <p class='ocr_par' dir='ltr' id='par_1_13' title="bbox 328 638 2206 699">
     <span class='ocr_line' id='line_1_18' title="bbox 328 638 2206 699; baseline 0.001 -16"><span class='ocrx_word' id='word_1_61' title='bbox 328 639 493 683; x_wconf 83' lang='lat' dir='ltr'>annosd</span> <span class='ocrx_word' id='word_1_62' title='bbox 524 639 625 682; x_wconf 87' lang='lat' dir='ltr'>VII.</span> <span class='ocrx_word' id='word_1_63' title='bbox 685 639 784 681; x_wconf 91' lang='lat' dir='ltr'>Hic</span> <span class='ocrx_word' id='word_1_64' title='bbox 814 641 966 681; x_wconf 90' lang='lat' dir='ltr'>contra</span> <span class='ocrx_word' id='word_1_65' title='bbox 998 638 1188 682; x_wconf 88' lang='lat' dir='ltr'>Leonem</span> <span class='ocrx_word' id='word_1_66' title='bbox 1219 639 1452 693; x_wconf 73' lang='lat' dir='ltr'>insurgens</span> <span class='ocrx_word' id='word_1_67' title='bbox 1483 653 1669 694; x_wconf 90' lang='lat' dir='ltr'>regnum</span> <span class='ocrx_word' id='word_1_68' title='bbox 1700 641 1792 683; x_wconf 88' lang='lat' dir='ltr'>eius</span> <span class='ocrx_word' id='word_1_69' title='bbox 1824 641 1990 684; x_wconf 86' lang='lat' dir='ltr'>invasit</span> <span class='ocrx_word' id='word_1_70' title='bbox 2021 656 2206 699; x_wconf 88' lang='lat' dir='ltr'>eumque</span> 
     </span>
    </p>

    <p class='ocr_par' dir='ltr' id='par_1_14' title="bbox 327 696 2206 809">
     <span class='ocr_line' id='line_1_19' title="bbox 327 696 2137 751; baseline 0.001 -11"><span class='ocrx_word' id='word_1_71' title='bbox 327 700 435 747; x_wconf 90' lang='lat' dir='ltr'>toto,</span> <span class='ocrx_word' id='word_1_72' title='bbox 469 711 552 751; x_wconf 89' lang='lat' dir='ltr'>quo</span> <span class='ocrx_word' id='word_1_73' title='bbox 583 697 677 749; x_wconf 90' lang='lat' dir='ltr'>ipse</span> <span class='ocrx_word' id='word_1_74' title='bbox 708 696 928 750; x_wconf 87' lang='lat' dir='ltr'>regnavit,</span> <span class='ocrx_word' id='word_1_75' title='bbox 960 698 1155 750; x_wconf 87' lang='lat' dir='ltr'>tempore</span> <span class='ocrx_word' id='word_1_76' title='bbox 1187 697 1235 739; x_wconf 92' lang='lat' dir='ltr'>in</span> <span class='ocrx_word' id='word_1_77' title='bbox 1267 696 1421 739; x_wconf 89' lang='lat' dir='ltr'>eadem</span> <span class='ocrx_word' id='word_1_78' title='bbox 1454 697 1636 740; x_wconf 88' lang='lat' dir='ltr'>civitate</span> <span class='ocrx_word' id='word_1_79' title='bbox 1669 697 1715 740; x_wconf 91' lang='lat' dir='ltr'>in</span> <span class='ocrx_word' id='word_1_80' title='bbox 1749 697 1947 741; x_wconf 88' lang='lat' dir='ltr'>custodia</span> <span class='ocrx_word' id='word_1_81' title='bbox 1978 700 2137 741; x_wconf 89' lang='lat' dir='ltr'>tenuit.</span> 
     </span>
     <span class='ocr_line' id='line_1_20' title="bbox 470 752 2206 809; baseline 0.002 -13"><span class='ocrx_word' id='word_1_82' title='bbox 470 752 666 796; x_wconf 85' lang='lat' dir='ltr'>Gisulfus</span> <span class='ocrx_word' id='word_1_83' title='bbox 706 752 820 795; x_wconf 73' lang='lat' dir='ltr'>duxe</span> <span class='ocrx_word' id='word_1_84' title='bbox 859 753 1174 796; x_wconf 89' lang='lat' dir='ltr'>Beneventum</span> <span class='ocrx_word' id='word_1_85' title='bbox 1214 756 1265 796; x_wconf 92' lang='lat' dir='ltr'>et</span> <span class='ocrx_word' id='word_1_86' title='bbox 1303 752 1596 808; x_wconf 85' lang='lat' dir='ltr'>Campaniam</span> <span class='ocrx_word' id='word_1_87' title='bbox 1633 754 1750 809; x_wconf 88' lang='lat' dir='ltr'>igne,</span> <span class='ocrx_word' id='word_1_88' title='bbox 1791 754 1942 809; x_wconf 87' lang='lat' dir='ltr'>gladio</span> <span class='ocrx_word' id='word_1_89' title='bbox 1982 758 2026 798; x_wconf 92' lang='lat' dir='ltr'>et</span> <span class='ocrx_word' id='word_1_90' title='bbox 2066 757 2206 809; x_wconf 87' lang='lat' dir='ltr'>capti-</span> 
     </span>
    </p>

    <p class='ocr_par' dir='ltr' id='par_1_15' title="bbox 325 809 2208 865">
     <span class='ocr_line' id='line_1_21' title="bbox 325 809 2208 865; baseline 0.001 -12"><span class='ocrx_word' id='word_1_91' title='bbox 325 811 466 853; x_wconf 84' lang='lat' dir='ltr'>vitate</span> <span class='ocrx_word' id='word_1_92' title='bbox 497 810 704 852; x_wconf 87' lang='lat' dir='ltr'>vastavit.</span> <span class='ocrx_word' id='word_1_93' title='bbox 766 809 983 852; x_wconf 87' lang='lat' dir='ltr'>Iohannes</span> <span class='ocrx_word' id='word_1_94' title='bbox 1015 809 1301 853; x_wconf 85' lang='lat' dir='ltr'>Romanam</span> <span class='ocrx_word' id='word_1_95' title='bbox 1333 812 1480 865; x_wconf 90' lang='lat' dir='ltr'>regit</span> <span class='ocrx_word' id='word_1_96' title='bbox 1512 811 1819 854; x_wconf 84' lang='lat' dir='ltr'>ecclesiam:</span> <span class='ocrx_word' id='word_1_97' title='bbox 1866 811 1952 854; x_wconf 90' lang='lat' dir='ltr'>hic</span> <span class='ocrx_word' id='word_1_98' title='bbox 1983 813 2208 856; x_wconf 88' lang='lat' dir='ltr'>universos</span> 
     </span>
    </p>
   </div>
   <div class='ocr_carea' id='block_1_14' title="bbox 324 865 2206 966">
    <p class='ocr_par' dir='ltr' id='par_1_16' title="bbox 324 865 2206 966">
     <span class='ocr_line' id='line_1_22' title="bbox 326 865 2206 924; baseline 0.001 -14"><span class='ocrx_word' id='word_1_99' title='bbox 326 867 534 921; x_wconf 89' lang='lat' dir='ltr'>captivos,</span> <span class='ocrx_word' id='word_1_100' title='bbox 561 880 687 921; x_wconf 88' lang='lat' dir='ltr'>quos</span> <span class='ocrx_word' id='word_1_101' title='bbox 713 865 960 909; x_wconf 86' lang='lat' dir='ltr'>Gisulfus</span> <span class='ocrx_word' id='word_1_102' title='bbox 987 869 1224 920; x_wconf 61' lang='lat' dir='ltr'>ceperat,</span> <span class='ocrx_word' id='word_1_103' title='bbox 1251 867 1440 910; x_wconf 85' lang='lat' dir='ltr'>redemit</span> <span class='ocrx_word' id='word_1_104' title='bbox 1465 871 1598 924; x_wconf 87' lang='lat' dir='ltr'>atque</span> <span class='ocrx_word' id='word_1_105' title='bbox 1621 868 2005 924; x_wconf 85' lang='lat' dir='ltr'>Langobardos</span> <span class='ocrx_word' id='word_1_106' title='bbox 2030 869 2206 912; x_wconf 90' lang='lat' dir='ltr'>domum</span> 
     </span>
     <span class='ocr_line' id='line_1_23' title="bbox 324 920 1410 966; baseline 0 0"><span class='ocrx_word' id='word_1_107' title='bbox 324 923 467 966; x_wconf 90' lang='lat' dir='ltr'>redire</span> <span class='ocrx_word' id='word_1_108' title='bbox 498 923 618 965; x_wconf 83' lang='lat' dir='ltr'>fecit.</span> <span class='ocrx_word' id='word_1_109' title='bbox 680 920 761 965; x_wconf 91' lang='lat' dir='ltr'>Cui</span> <span class='ocrx_word' id='word_1_110' title='bbox 793 923 1001 965; x_wconf 86' lang='lat' dir='ltr'>successit</span> <span class='ocrx_word' id='word_1_111' title='bbox 1034 924 1146 965; x_wconf 91' lang='lat' dir='ltr'>alius</span> <span class='ocrx_word' id='word_1_112' title='bbox 1178 923 1410 966; x_wconf 83' lang='lat' dir='ltr'>Iohannes.</span> 
     </span>
    </p>
   </div>
   <div class='ocr_carea' id='block_1_15' title="bbox 323 979 2210 1548">
    <p class='ocr_par' dir='ltr' id='par_1_17' title="bbox 324 979 2208 1150">
     <span class='ocr_line' id='line_1_24' title="bbox 467 979 2208 1037; baseline 0.002 -15"><span class='ocrx_word' id='word_1_113' title='bbox 467 979 724 1022; x_wconf 84' lang='lat' dir='ltr'>Ludowicus</span> <span class='ocrx_word' id='word_1_114' title='bbox 747 992 821 1021; x_wconf 87' lang='lat' dir='ltr'>rex</span> <span class='ocrx_word' id='word_1_115' title='bbox 842 992 996 1032; x_wconf 87' lang='lat' dir='ltr'>corpus</span> <span class='ocrx_word' id='word_1_116' title='bbox 1016 980 1139 1022; x_wconf 90' lang='lat' dir='ltr'>beati</span> <span class='ocrx_word' id='word_1_117' title='bbox 1155 980 1375 1022; x_wconf 87' lang='lat' dir='ltr'>Dionisiif</span> <span class='ocrx_word' id='word_1_118' title='bbox 1399 980 1801 1035; x_wconf 86' lang='lat' dir='ltr'>discooperiens</span> <span class='ocrx_word' id='word_1_119' title='bbox 1822 983 1966 1025; x_wconf 88' lang='lat' dir='ltr'>minus</span> <span class='ocrx_word' id='word_1_120' title='bbox 1987 983 2208 1037; x_wconf 76' lang='lat' dir='ltr'>religiose,</span> 
     </span>
     <span class='ocr_line' id='line_1_25' title="bbox 324 1035 2208 1094; baseline 0.002 -15"><span class='ocrx_word' id='word_1_121' title='bbox 324 1038 430 1079; x_wconf 89' lang='lat' dir='ltr'>licet</span> <span class='ocrx_word' id='word_1_122' title='bbox 463 1035 631 1090; x_wconf 88' lang='lat' dir='ltr'>cupide,</span> <span class='ocrx_word' id='word_1_123' title='bbox 664 1043 741 1078; x_wconf 74' lang='lat' dir='ltr'>osg</span> <span class='ocrx_word' id='word_1_124' title='bbox 772 1035 943 1078; x_wconf 87' lang='lat' dir='ltr'>brachii</span> <span class='ocrx_word' id='word_1_125' title='bbox 974 1036 1099 1078; x_wconf 84' lang='lat' dir='ltr'>eiush</span> <span class='ocrx_word' id='word_1_126' title='bbox 1131 1036 1269 1091; x_wconf 87' lang='lat' dir='ltr'>fregit-</span> <span class='ocrx_word' id='word_1_127' title='bbox 1301 1040 1346 1079; x_wconf 90' lang='lat' dir='ltr'>et</span> <span class='ocrx_word' id='word_1_128' title='bbox 1376 1038 1545 1091; x_wconf 85' lang='lat' dir='ltr'>rapuit:</span> <span class='ocrx_word' id='word_1_129' title='bbox 1586 1038 1903 1094; x_wconf 84' lang='lat' dir='ltr'>confestimque</span> <span class='ocrx_word' id='word_1_130' title='bbox 1935 1040 2208 1093; x_wconf 85' lang='lat' dir='ltr'>stupefactus</span> 
     </span>
     <span class='ocr_line' id='line_1_26' title="bbox 324 1091 2035 1150; baseline 0.001 -14"><span class='ocrx_word' id='word_1_131' title='bbox 324 1095 369 1136; x_wconf 90' lang='lat' dir='ltr'>in</span> <span class='ocrx_word' id='word_1_132' title='bbox 403 1093 649 1137; x_wconf 86' lang='lat' dir='ltr'>amentiam</span> <span class='ocrx_word' id='word_1_133' title='bbox 680 1091 854 1135; x_wconf 85' lang='lat' dir='ltr'>incidit</span> <span class='ocrx_word' id='word_1_134' title='bbox 886 1095 938 1135; x_wconf 90' lang='lat' dir='ltr'>et</span> <span class='ocrx_word' id='word_1_135' title='bbox 968 1095 1068 1146; x_wconf 88' lang='lat' dir='ltr'>post</span> <span class='ocrx_word' id='word_1_136' title='bbox 1098 1092 1203 1136; x_wconf 88' lang='lat' dir='ltr'>duos</span> <span class='ocrx_word' id='word_1_137' title='bbox 1237 1107 1372 1136; x_wconf 89' lang='lat' dir='ltr'>annos</span> <span class='ocrx_word' id='word_1_138' title='bbox 1403 1095 1545 1136; x_wconf 88' lang='lat' dir='ltr'>vitam</span> <span class='ocrx_word' id='word_1_139' title='bbox 1578 1108 1674 1137; x_wconf 90' lang='lat' dir='ltr'>cum</span> <span class='ocrx_word' id='word_1_140' title='bbox 1709 1109 1845 1150; x_wconf 89' lang='lat' dir='ltr'>regno</span> <span class='ocrx_word' id='word_1_141' title='bbox 1877 1096 2035 1138; x_wconf 90' lang='lat' dir='ltr'>finivit.</span> 
     </span>
    </p>

    <p class='ocr_par' dir='ltr' id='par_1_18' title="bbox 323 1148 2210 1490">
     <span class='ocr_line' id='line_1_27' title="bbox 470 1148 2209 1208; baseline 0.002 -17"><span class='ocrx_word' id='word_1_142' title='bbox 470 1151 562 1192; x_wconf 91' lang='lat' dir='ltr'>Hoc</span> <span class='ocrx_word' id='word_1_143' title='bbox 593 1152 795 1203; x_wconf 89' lang='lat' dir='ltr'>tempore</span> <span class='ocrx_word' id='word_1_144' title='bbox 825 1148 1003 1192; x_wconf 84' lang='lat' dir='ltr'>sinodus</span> <span class='ocrx_word' id='word_1_145' title='bbox 1029 1149 1264 1205; x_wconf 86' lang='lat' dir='ltr'>Aquileiae</span> <span class='ocrx_word' id='word_1_146' title='bbox 1296 1150 1416 1193; x_wconf 87' lang='lat' dir='ltr'>facta</span> <span class='ocrx_word' id='word_1_147' title='bbox 1448 1151 1501 1194; x_wconf 94' lang='lat' dir='ltr'>ob</span> <span class='ocrx_word' id='word_1_148' title='bbox 1533 1151 1809 1205; x_wconf 87' lang='lat' dir='ltr'>imperitiam</span> <span class='ocrx_word' id='word_1_149' title='bbox 1839 1151 1943 1194; x_wconf 90' lang='lat' dir='ltr'>fidei</span> <span class='ocrx_word' id='word_1_150' title='bbox 1976 1153 2209 1208; x_wconf 90' lang='lat' dir='ltr'>quintumi</span> 
     </span>
     <span class='ocr_line' id='line_1_28' title="bbox 323 1206 2209 1263; baseline 0.001 -12"><span class='ocrx_word' id='word_1_151' title='bbox 323 1208 572 1251; x_wconf 89' lang='lat' dir='ltr'>universale</span> <span class='ocrx_word' id='word_1_152' title='bbox 604 1207 837 1249; x_wconf 90' lang='lat' dir='ltr'>concilium</span> <span class='ocrx_word' id='word_1_153' title='bbox 870 1207 1087 1260; x_wconf 84' lang='lat' dir='ltr'>suscipere</span> <span class='ocrx_word' id='word_1_154' title='bbox 1119 1206 1341 1257; x_wconf 84' lang='lat' dir='ltr'>diffiditk;</span> <span class='ocrx_word' id='word_1_155' title='bbox 1374 1221 1504 1263; x_wconf 88' lang='lat' dir='ltr'>quae</span> <span class='ocrx_word' id='word_1_156' title='bbox 1536 1208 1713 1251; x_wconf 89' lang='lat' dir='ltr'>sinodus</span> <span class='ocrx_word' id='word_1_157' title='bbox 1738 1209 1857 1252; x_wconf 85' lang='lat' dir='ltr'>facta</span> <span class='ocrx_word' id='word_1_158' title='bbox 1887 1208 2068 1252; x_wconf 88' lang='lat' dir='ltr'>fuerat</span> <span class='ocrx_word' id='word_1_159' title='bbox 2099 1212 2209 1252; x_wconf 88' lang='lat' dir='ltr'>tem-</span> 
     </span>
     <span class='ocr_line' id='line_1_29' title="bbox 324 1263 2209 1320; baseline 0.001 -13"><span class='ocrx_word' id='word_1_160' title='bbox 324 1265 502 1319; x_wconf 91' lang='lat' dir='ltr'>poribus</span> <span class='ocrx_word' id='word_1_161' title='bbox 523 1263 705 1319; x_wconf 88' lang='lat' dir='ltr'>Vigiliil</span> <span class='ocrx_word' id='word_1_162' title='bbox 727 1277 868 1317; x_wconf 89' lang='lat' dir='ltr'>papae</span> <span class='ocrx_word' id='word_1_163' title='bbox 891 1266 1043 1306; x_wconf 90' lang='lat' dir='ltr'>contra</span> <span class='ocrx_word' id='word_1_164' title='bbox 1064 1264 1293 1313; x_wconf 58' lang='lat' dir='ltr'>hereticos</span> <span class='ocrx_word' id='word_1_165' title='bbox 1315 1265 1390 1320; x_wconf 90' lang='lat' dir='ltr'>qui</span> <span class='ocrx_word' id='word_1_166' title='bbox 1403 1265 1583 1308; x_wconf 89' lang='lat' dir='ltr'>beatam</span> <span class='ocrx_word' id='word_1_167' title='bbox 1600 1266 1791 1308; x_wconf 89' lang='lat' dir='ltr'>Mariam</span> <span class='ocrx_word' id='word_1_168' title='bbox 1811 1266 1951 1308; x_wconf 89' lang='lat' dir='ltr'>solum</span> <span class='ocrx_word' id='word_1_169' title='bbox 1973 1266 2209 1316; x_wconf 89' lang='lat' dir='ltr'>hominem,</span> 
     </span>
     <span class='ocr_line' id='line_1_30' title="bbox 325 1320 2210 1378; baseline 0.001 -13"><span class='ocrx_word' id='word_1_170' title='bbox 325 1337 412 1365; x_wconf 88' lang='lat' dir='ltr'>non</span> <span class='ocrx_word' id='word_1_171' title='bbox 449 1321 578 1364; x_wconf 91' lang='lat' dir='ltr'>deum</span> <span class='ocrx_word' id='word_1_172' title='bbox 618 1323 664 1363; x_wconf 91' lang='lat' dir='ltr'>et</span> <span class='ocrx_word' id='word_1_173' title='bbox 700 1321 923 1363; x_wconf 88' lang='lat' dir='ltr'>hominem</span> <span class='ocrx_word' id='word_1_174' title='bbox 964 1321 1168 1376; x_wconf 83' lang='lat' dir='ltr'>genuisse</span> <span class='ocrx_word' id='word_1_175' title='bbox 1207 1320 1519 1365; x_wconf 87' lang='lat' dir='ltr'>adfirmabant.</span> <span class='ocrx_word' id='word_1_176' title='bbox 1588 1323 1642 1365; x_wconf 86' lang='lat' dir='ltr'>In</span> <span class='ocrx_word' id='word_1_177' title='bbox 1682 1337 1768 1378; x_wconf 86' lang='lat' dir='ltr'>qua</span> <span class='ocrx_word' id='word_1_178' title='bbox 1807 1322 1959 1366; x_wconf 88' lang='lat' dir='ltr'>sinodo</span> <span class='ocrx_word' id='word_1_179' title='bbox 1994 1323 2210 1366; x_wconf 85' lang='lat' dir='ltr'>catholice</span> 
     </span>
     <span class='ocr_line' id='line_1_31' title="bbox 327 1378 2210 1436; baseline 0 -14"><span class='ocrx_word' id='word_1_180' title='bbox 327 1379 584 1422; x_wconf 89' lang='lat' dir='ltr'>institutum</span> <span class='ocrx_word' id='word_1_181' title='bbox 617 1379 698 1428; x_wconf 87' lang='lat' dir='ltr'>est,</span> <span class='ocrx_word' id='word_1_182' title='bbox 727 1379 778 1420; x_wconf 90' lang='lat' dir='ltr'>ut</span> <span class='ocrx_word' id='word_1_183' title='bbox 802 1378 946 1420; x_wconf 89' lang='lat' dir='ltr'>Maria</span> <span class='ocrx_word' id='word_1_184' title='bbox 976 1391 1148 1432; x_wconf 87' lang='lat' dir='ltr'>semper</span> <span class='ocrx_word' id='word_1_185' title='bbox 1171 1379 1296 1433; x_wconf 89' lang='lat' dir='ltr'>virgo</span> <span class='ocrx_word' id='word_1_186' title='bbox 1320 1378 1545 1422; x_wconf 84' lang='lat' dir='ltr'>theotocos</span> <span class='ocrx_word' id='word_1_187' title='bbox 1569 1379 1799 1430; x_wconf 84' lang='lat' dir='ltr'>diceretur,</span> <span class='ocrx_word' id='word_1_188' title='bbox 1833 1380 1937 1436; x_wconf 91' lang='lat' dir='ltr'>quia</span> <span class='ocrx_word' id='word_1_189' title='bbox 1959 1394 2046 1423; x_wconf 90' lang='lat' dir='ltr'>non</span> <span class='ocrx_word' id='word_1_190' title='bbox 2069 1380 2210 1423; x_wconf 89' lang='lat' dir='ltr'>solum</span> 
     </span>
     <span class='ocr_line' id='line_1_32' title="bbox 325 1434 1499 1490; baseline -0.001 -11"><span class='ocrx_word' id='word_1_191' title='bbox 325 1436 561 1485; x_wconf 89' lang='lat' dir='ltr'>hominem,</span> <span class='ocrx_word' id='word_1_192' title='bbox 593 1434 670 1477; x_wconf 91' lang='lat' dir='ltr'>sed</span> <span class='ocrx_word' id='word_1_193' title='bbox 700 1448 800 1477; x_wconf 88' lang='lat' dir='ltr'>vere</span> <span class='ocrx_word' id='word_1_194' title='bbox 835 1434 963 1477; x_wconf 87' lang='lat' dir='ltr'>deum</span> <span class='ocrx_word' id='word_1_195' title='bbox 998 1437 1043 1477; x_wconf 93' lang='lat' dir='ltr'>et</span> <span class='ocrx_word' id='word_1_196' title='bbox 1073 1435 1296 1479; x_wconf 88' lang='lat' dir='ltr'>hominem</span> <span class='ocrx_word' id='word_1_197' title='bbox 1329 1436 1499 1490; x_wconf 88' lang='lat' dir='ltr'>genuit.</span> 
     </span>
    </p>

    <p class='ocr_par' dir='ltr' id='par_1_19' title="bbox 467 1492 2207 1548">
     <span class='ocr_line' id='line_1_33' title="bbox 467 1492 2207 1548; baseline 0.001 -13"><span class='ocrx_word' id='word_1_198' title='bbox 467 1493 540 1536; x_wconf 90' lang='lat' dir='ltr'>Ea</span> <span class='ocrx_word' id='word_1_199' title='bbox 572 1494 755 1535; x_wconf 87' lang='lat' dir='ltr'>aetate</span> <span class='ocrx_word' id='word_1_200' title='bbox 788 1492 991 1534; x_wconf 89' lang='lat' dir='ltr'>claruit</span> <span class='ocrx_word' id='word_1_201' title='bbox 1014 1492 1264 1535; x_wconf 87' lang='lat' dir='ltr'>Lanbertus</span> <span class='ocrx_word' id='word_1_202' title='bbox 1297 1492 1632 1547; x_wconf 87' lang='lat' dir='ltr'>Tungrensis</span> <span class='ocrx_word' id='word_1_203' title='bbox 1664 1493 1873 1536; x_wconf 89' lang='lat' dir='ltr'>ecclesiae</span> <span class='ocrx_word' id='word_1_204' title='bbox 1905 1494 2207 1548; x_wconf 85' lang='lat' dir='ltr'>episcopus;</span> 
     </span>
    </p>
   </div>
   <div class='ocr_carea' id='block_1_16' title="bbox 326 1547 2210 1736">
    <p class='ocr_par' dir='ltr' id='par_1_20' title="bbox 326 1547 2210 1736">
     <span class='ocr_line' id='line_1_34' title="bbox 326 1547 2209 1615; baseline 0.001 -16"><span class='ocrx_word' id='word_1_205' title='bbox 326 1558 435 1612; x_wconf 83' lang='lat' dir='ltr'>qui,</span> <span class='ocrx_word' id='word_1_206' title='bbox 469 1549 596 1599; x_wconf 90' lang='lat' dir='ltr'>dum</span> <span class='ocrx_word' id='word_1_207' title='bbox 627 1548 875 1614; x_wconf 83' lang='lat' dir='ltr'>regiamIn</span> <span class='ocrx_word' id='word_1_208' title='bbox 900 1547 1114 1599; x_wconf 84' lang='lat' dir='ltr'>domurn</span> <span class='ocrx_word' id='word_1_209' title='bbox 1141 1549 1252 1599; x_wconf 89' lang='lat' dir='ltr'>zelo</span> <span class='ocrx_word' id='word_1_210' title='bbox 1278 1548 1549 1615; x_wconf 87' lang='lat' dir='ltr'>religionis</span> <span class='ocrx_word' id='word_1_211' title='bbox 1581 1566 1837 1601; x_wconf 91' lang='lat' dir='ltr'>accensus</span> <span class='ocrx_word' id='word_1_212' title='bbox 1863 1550 2209 1615; x_wconf 70' lang='lat' dir='ltr'>increpasset,</span> 
     </span>
     <span class='ocr_line' id='line_1_35' title="bbox 327 1620 2210 1687; baseline 0 -16"><span class='ocrx_word' id='word_1_213' title='bbox 327 1628 388 1671; x_wconf 89' lang='lat' dir='ltr'>ab</span> <span class='ocrx_word' id='word_1_214' title='bbox 421 1626 742 1683; x_wconf 88' lang='lat' dir='ltr'>iniquissimo</span> <span class='ocrx_word' id='word_1_215' title='bbox 768 1626 955 1670; x_wconf 91' lang='lat' dir='ltr'>Dodone</span> <span class='ocrx_word' id='word_1_216' title='bbox 988 1630 1041 1670; x_wconf 90' lang='lat' dir='ltr'>et</span> <span class='ocrx_word' id='word_1_217' title='bbox 1072 1627 1201 1670; x_wconf 88' lang='lat' dir='ltr'>aliis</span> <span class='ocrx_word' id='word_1_218' title='bbox 1226 1627 1359 1670; x_wconf 88' lang='lat' dir='ltr'>viris</span> <span class='ocrx_word' id='word_1_219' title='bbox 1392 1620 1455 1671; x_wconf 81' lang='lat' dir='ltr'>de</span> <span class='ocrx_word' id='word_1_220' title='bbox 1487 1620 1690 1687; x_wconf 74' lang='lat' dir='ltr'>palatio</span> <span class='ocrx_word' id='word_1_221' title='bbox 1723 1621 1901 1672; x_wconf 80' lang='lat' dir='ltr'>missis</span> <span class='ocrx_word' id='word_1_222' title='bbox 1933 1628 2210 1682; x_wconf 86' lang='lat' dir='ltr'>inprovise</span> 
     </span>
     <span class='ocr_line' id='line_1_36' title="bbox 327 1690 2140 1736; baseline 0 -1"><span class='ocrx_word' id='word_1_223' title='bbox 327 1692 610 1735; x_wconf 89' lang='lat' dir='ltr'>conclusus</span> <span class='ocrx_word' id='word_1_224' title='bbox 643 1691 792 1733; x_wconf 89' lang='lat' dir='ltr'>intra</span> <span class='ocrx_word' id='word_1_225' title='bbox 824 1690 1031 1734; x_wconf 89' lang='lat' dir='ltr'>domum</span> <span class='ocrx_word' id='word_1_226' title='bbox 1064 1691 1330 1734; x_wconf 88' lang='lat' dir='ltr'>ecclesiae</span> <span class='ocrx_word' id='word_1_227' title='bbox 1363 1692 1416 1734; x_wconf 91' lang='lat' dir='ltr'>in</span> <span class='ocrx_word' id='word_1_228' title='bbox 1448 1692 1650 1736; x_wconf 86' lang='lat' dir='ltr'>Leodio</span> <span class='ocrx_word' id='word_1_229' title='bbox 1680 1693 1796 1736; x_wconf 89' lang='lat' dir='ltr'>vico</span> <span class='ocrx_word' id='word_1_230' title='bbox 1828 1691 2140 1736; x_wconf 82' lang='lat' dir='ltr'>occiditur¹.</span> 
     </span>
    </p>
   </div>
   <div class='ocr_carea' id='block_1_17' title="bbox 1091 1777 1445 1839">
    <p class='ocr_par' dir='ltr' id='par_1_21' title="bbox 1091 1777 1445 1839">
     <span class='ocr_line' id='line_1_37' title="bbox 1091 1777 1445 1839; baseline 0.006 -2"><span class='ocrx_word' id='word_1_231' title='bbox 1091 1777 1211 1837; x_wconf 79' lang='lat'>642</span> <span class='ocrx_word' id='word_1_232' title='bbox 1228 1812 1295 1820; x_wconf 83' lang='lat'>——</span> <span class='ocrx_word' id='word_1_233' title='bbox 1310 1778 1445 1839; x_wconf 70' lang='lat'>647.</span> 
     </span>
    </p>
   </div>
   <div class='ocr_carea' id='block_1_18' title="bbox 471 1852 2212 1911">
    <p class='ocr_par' dir='ltr' id='par_1_22' title="bbox 471 1852 2212 1911">
     <span class='ocr_line' id='line_1_38' title="bbox 471 1852 2212 1911; baseline -0.003 -7"><span class='ocrx_word' id='word_1_234' title='bbox 471 1852 649 1904; x_wconf 77' lang='lat' dir='ltr'>*Anno</span> <span class='ocrx_word' id='word_1_235' title='bbox 690 1853 987 1905; x_wconf 88' lang='lat' dir='ltr'>dominicae</span> <span class='ocrx_word' id='word_1_236' title='bbox 1033 1853 1420 1905; x_wconf 87' lang='lat' dir='ltr'>incarnationis</span> <span class='ocrx_word' id='word_1_237' title='bbox 1459 1853 1755 1905; x_wconf 76' lang='lat' dir='ltr'>DCXL11.11</span> <span class='ocrx_word' id='word_1_238' title='bbox 1807 1868 2110 1911; x_wconf 79' lang='lat' dir='ltr'>Iustinianuso</span> <span class='ocrx_word' id='word_1_239' title='bbox 2148 1881 2212 1911; x_wconf 66' lang='lat' dir='ltr'>se-</span> 
     </span>
    </p>
   </div>
   <div class='ocr_carea' id='block_1_19' title="bbox 325 1925 2213 2775">
    <p class='ocr_par' dir='ltr' id='par_1_23' title="bbox 325 1925 2212 2265">
     <span class='ocr_line' id='line_1_39' title="bbox 329 1925 2212 1980; baseline -0.001 -11"><span class='ocrx_word' id='word_1_240' title='bbox 329 1926 468 1969; x_wconf 87' lang='lat' dir='ltr'>cundo</span> <span class='ocrx_word' id='word_1_241' title='bbox 511 1939 609 1967; x_wconf 89' lang='lat' dir='ltr'>cum</span> <span class='ocrx_word' id='word_1_242' title='bbox 648 1925 859 1968; x_wconf 83' lang='lat' dir='ltr'>TiberioP</span> <span class='ocrx_word' id='word_1_243' title='bbox 901 1926 993 1968; x_wconf 88' lang='lat' dir='ltr'>filio</span> <span class='ocrx_word' id='word_1_244' title='bbox 1032 1925 1286 1979; x_wconf 86' lang='lat' dir='ltr'>regnavit</span> <span class='ocrx_word' id='word_1_245' title='bbox 1329 1939 1464 1969; x_wconf 89' lang='lat' dir='ltr'>annos</span> <span class='ocrx_word' id='word_1_246' title='bbox 1502 1925 1610 1968; x_wconf 71' lang='lat' dir='ltr'>VIQ.</span> <span class='ocrx_word' id='word_1_247' title='bbox 1691 1925 1790 1968; x_wconf 92' lang='lat' dir='ltr'>Hic</span> <span class='ocrx_word' id='word_1_248' title='bbox 1833 1939 2020 1980; x_wconf 88' lang='lat' dir='ltr'>regnum</span> <span class='ocrx_word' id='word_1_249' title='bbox 2064 1938 2212 1967; x_wconf 91' lang='lat' dir='ltr'>rursus</span> 
     </span>
     <span class='ocr_line' id='line_1_40' title="bbox 325 1982 2212 2038; baseline -0.001 -12"><span class='ocrx_word' id='word_1_250' title='bbox 325 1983 542 2037; x_wconf 86' lang='lat' dir='ltr'>recipiens</span> <span class='ocrx_word' id='word_1_251' title='bbox 581 1995 665 2033; x_wconf 88' lang='lat' dir='ltr'>eos,</span> <span class='ocrx_word' id='word_1_252' title='bbox 707 1983 782 2037; x_wconf 89' lang='lat' dir='ltr'>qui</span> <span class='ocrx_word' id='word_1_253' title='bbox 820 1996 865 2025; x_wconf 88' lang='lat' dir='ltr'>se</span> <span class='ocrx_word' id='word_1_254' title='bbox 904 1983 1176 2036; x_wconf 81' lang='lat' dir='ltr'>expulerant,</span> <span class='ocrx_word' id='word_1_255' title='bbox 1216 1983 1427 2036; x_wconf 89' lang='lat' dir='ltr'>patricios</span> <span class='ocrx_word' id='word_1_256' title='bbox 1466 1983 1678 2033; x_wconf 79' lang='lat' dir='ltr'>occiditr3</span> <span class='ocrx_word' id='word_1_257' title='bbox 1721 1982 1915 2025; x_wconf 88' lang='lat' dir='ltr'>Leonem</span> <span class='ocrx_word' id='word_1_258' title='bbox 1957 1996 2127 2038; x_wconf 91' lang='lat' dir='ltr'>quoque</span> <span class='ocrx_word' id='word_1_259' title='bbox 2167 1985 2212 2025; x_wconf 90' lang='lat' dir='ltr'>et</span> 
     </span>
     <span class='ocr_line' id='line_1_41' title="bbox 327 2039 2212 2096; baseline -0.001 -13"><span class='ocrx_word' id='word_1_260' title='bbox 327 2041 568 2089; x_wconf 81' lang='lat' dir='ltr'>Tiberium,</span> <span class='ocrx_word' id='word_1_261' title='bbox 602 2040 678 2094; x_wconf 91' lang='lat' dir='ltr'>qui</span> <span class='ocrx_word' id='word_1_262' title='bbox 708 2040 851 2083; x_wconf 86' lang='lat' dir='ltr'>locum</span> <span class='ocrx_word' id='word_1_263' title='bbox 885 2040 977 2082; x_wconf 90' lang='lat' dir='ltr'>eius</span> <span class='ocrx_word' id='word_1_264' title='bbox 1008 2042 1289 2093; x_wconf 87' lang='lat' dir='ltr'>usurparant,</span> <span class='ocrx_word' id='word_1_265' title='bbox 1323 2041 1445 2096; x_wconf 75' lang='lat' dir='ltr'>cepit</span> <span class='ocrx_word' id='word_1_266' title='bbox 1470 2043 1515 2083; x_wconf 90' lang='lat' dir='ltr'>et</span> <span class='ocrx_word' id='word_1_267' title='bbox 1539 2041 1584 2082; x_wconf 90' lang='lat' dir='ltr'>in</span> <span class='ocrx_word' id='word_1_268' title='bbox 1608 2039 1754 2083; x_wconf 87' lang='lat' dir='ltr'>medio</span> <span class='ocrx_word' id='word_1_269' title='bbox 1779 2040 1891 2083; x_wconf 87' lang='lat' dir='ltr'>circo</span> <span class='ocrx_word' id='word_1_270' title='bbox 1923 2053 2068 2082; x_wconf 85' lang='lat' dir='ltr'>coram</span> <span class='ocrx_word' id='word_1_271' title='bbox 2092 2039 2212 2081; x_wconf 89' lang='lat' dir='ltr'>omni</span> 
     </span>
     <span class='ocr_line' id='line_1_42' title="bbox 325 2095 2210 2152; baseline -0.002 -12"><span class='ocrx_word' id='word_1_272' title='bbox 325 2098 486 2152; x_wconf 88' lang='lat' dir='ltr'>populo</span> <span class='ocrx_word' id='word_1_273' title='bbox 503 2097 699 2150; x_wconf 89' lang='lat' dir='ltr'>iugulari</span> <span class='ocrx_word' id='word_1_274' title='bbox 715 2097 925 2151; x_wconf 86' lang='lat' dir='ltr'>precepit.</span> <span class='ocrx_word' id='word_1_275' title='bbox 951 2096 1225 2140; x_wconf 85' lang='lat' dir='ltr'>Gallicinum</span> <span class='ocrx_word' id='word_1_276' title='bbox 1239 2110 1339 2140; x_wconf 91' lang='lat' dir='ltr'>vero</span> <span class='ocrx_word' id='word_1_277' title='bbox 1353 2097 1654 2152; x_wconf 88' lang='lat' dir='ltr'>patriarcham</span> <span class='ocrx_word' id='word_1_278' title='bbox 1668 2095 2210 2149; x_wconf 89' lang='lat' dir='ltr'>Constantinopolitanum</span> 
     </span>
     <span class='ocr_line' id='line_1_43' title="bbox 328 2152 2210 2209; baseline -0.002 -12"><span class='ocrx_word' id='word_1_279' title='bbox 328 2155 465 2197; x_wconf 88' lang='lat' dir='ltr'>erutis</span> <span class='ocrx_word' id='word_1_280' title='bbox 489 2153 624 2196; x_wconf 90' lang='lat' dir='ltr'>oculis</span> <span class='ocrx_word' id='word_1_281' title='bbox 648 2155 835 2197; x_wconf 81' lang='lat' dir='ltr'>Romam</span> <span class='ocrx_word' id='word_1_282' title='bbox 867 2154 992 2197; x_wconf 86' lang='lat' dir='ltr'>misit</span> <span class='ocrx_word' id='word_1_283' title='bbox 1016 2152 1284 2208; x_wconf 84' lang='lat' dir='ltr'>CirumqueS</span> <span class='ocrx_word' id='word_1_284' title='bbox 1309 2155 1534 2204; x_wconf 87' lang='lat' dir='ltr'>abbatem,</span> <span class='ocrx_word' id='word_1_285' title='bbox 1561 2154 1636 2209; x_wconf 91' lang='lat' dir='ltr'>qui</span> <span class='ocrx_word' id='word_1_286' title='bbox 1668 2167 1766 2196; x_wconf 89' lang='lat' dir='ltr'>eum</span> <span class='ocrx_word' id='word_1_287' title='bbox 1797 2154 1843 2196; x_wconf 90' lang='lat' dir='ltr'>in</span> <span class='ocrx_word' id='word_1_288' title='bbox 1867 2153 2009 2195; x_wconf 91' lang='lat' dir='ltr'>Ponto</span> <span class='ocrx_word' id='word_1_289' title='bbox 2041 2152 2210 2195; x_wconf 80' lang='lat' dir='ltr'>exulem</span> 
     </span>
     <span class='ocr_line' id='line_1_44' title="bbox 329 2209 1558 2265; baseline -0.001 -11"><span class='ocrx_word' id='word_1_290' title='bbox 329 2212 515 2259; x_wconf 79' lang='lat' dir='ltr'>aluerat,</span> <span class='ocrx_word' id='word_1_291' title='bbox 549 2211 800 2265; x_wconf 87' lang='lat' dir='ltr'>episcopum</span> <span class='ocrx_word' id='word_1_292' title='bbox 831 2210 879 2252; x_wconf 93' lang='lat' dir='ltr'>in</span> <span class='ocrx_word' id='word_1_293' title='bbox 910 2210 1004 2253; x_wconf 92' lang='lat' dir='ltr'>loco</span> <span class='ocrx_word' id='word_1_294' title='bbox 1037 2209 1273 2253; x_wconf 81' lang='lat' dir='ltr'>Gallicinit</span> <span class='ocrx_word' id='word_1_295' title='bbox 1312 2211 1558 2254; x_wconf 87' lang='lat' dir='ltr'>constituit.</span> 
     </span>
    </p>

    <p class='ocr_par' dir='ltr' id='par_1_24' title="bbox 327 2265 2213 2605">
     <span class='ocr_line' id='line_1_45' title="bbox 472 2265 2213 2322; baseline -0.002 -12"><span class='ocrx_word' id='word_1_296' title='bbox 472 2267 690 2310; x_wconf 83' lang='lat' dir='ltr'>Sisinnius</span> <span class='ocrx_word' id='word_1_297' title='bbox 715 2269 767 2310; x_wconf 89' lang='lat' dir='ltr'>et</span> <span class='ocrx_word' id='word_1_298' title='bbox 791 2265 1109 2310; x_wconf 88' lang='lat' dir='ltr'>Constantinus</span> <span class='ocrx_word' id='word_1_299' title='bbox 1133 2267 1456 2310; x_wconf 83' lang='lat' dir='ltr'>Romanamu</span> <span class='ocrx_word' id='word_1_300' title='bbox 1480 2269 1670 2322; x_wconf 86' lang='lat' dir='ltr'>regunt</span> <span class='ocrx_word' id='word_1_301' title='bbox 1701 2266 2002 2309; x_wconf 85' lang='lat' dir='ltr'>ecclesiam.</span> <span class='ocrx_word' id='word_1_302' title='bbox 2063 2265 2213 2307; x_wconf 89' lang='lat' dir='ltr'>Hunc</span> 
     </span>
     <span class='ocr_line' id='line_1_46' title="bbox 328 2322 2212 2376; baseline -0.002 -8"><span class='ocrx_word' id='word_1_303' title='bbox 328 2324 704 2368; x_wconf 78' lang='lat' dir='ltr'>Constantinumv</span> <span class='ocrx_word' id='word_1_304' title='bbox 744 2323 799 2367; x_wconf 92' lang='lat' dir='ltr'>ad</span> <span class='ocrx_word' id='word_1_305' title='bbox 837 2337 880 2366; x_wconf 89' lang='lat' dir='ltr'>se</span> <span class='ocrx_word' id='word_1_306' title='bbox 920 2324 1068 2366; x_wconf 91' lang='lat' dir='ltr'>venire</span> <span class='ocrx_word' id='word_1_307' title='bbox 1100 2323 1255 2366; x_wconf 91' lang='lat' dir='ltr'>iubens</span> <span class='ocrx_word' id='word_1_308' title='bbox 1286 2324 1631 2367; x_wconf 87' lang='lat' dir='ltr'>Iustinianus</span> <span class='ocrx_word' id='word_1_309' title='bbox 1670 2323 1905 2366; x_wconf 87' lang='lat' dir='ltr'>honorifice</span> <span class='ocrx_word' id='word_1_310' title='bbox 1936 2322 2131 2376; x_wconf 90' lang='lat' dir='ltr'>suscepit</span> <span class='ocrx_word' id='word_1_311' title='bbox 2162 2335 2212 2365; x_wconf 92' lang='lat' dir='ltr'>ac</span> 
     </span>
     <span class='ocr_line' id='line_1_47' title="bbox 327 2378 2212 2436; baseline -0.002 -12"><span class='ocrx_word' id='word_1_312' title='bbox 327 2382 520 2432; x_wconf 88' lang='lat' dir='ltr'>remisit;</span> <span class='ocrx_word' id='word_1_313' title='bbox 555 2394 683 2436; x_wconf 91' lang='lat' dir='ltr'>quem</span> <span class='ocrx_word' id='word_1_314' title='bbox 716 2382 964 2435; x_wconf 88' lang='lat' dir='ltr'>prostratus</span> <span class='ocrx_word' id='word_1_315' title='bbox 1003 2381 1049 2423; x_wconf 90' lang='lat' dir='ltr'>in</span> <span class='ocrx_word' id='word_1_316' title='bbox 1080 2383 1245 2423; x_wconf 89' lang='lat' dir='ltr'>terram</span> <span class='ocrx_word' id='word_1_317' title='bbox 1277 2395 1355 2435; x_wconf 91' lang='lat' dir='ltr'>pro</span> <span class='ocrx_word' id='word_1_318' title='bbox 1394 2382 1483 2424; x_wconf 91' lang='lat' dir='ltr'>suis</span> <span class='ocrx_word' id='word_1_319' title='bbox 1514 2380 1709 2435; x_wconf 88' lang='lat' dir='ltr'>peccatis</span> <span class='ocrx_word' id='word_1_320' title='bbox 1747 2378 2020 2422; x_wconf 88' lang='lat' dir='ltr'>intercedere</span> <span class='ocrx_word' id='word_1_321' title='bbox 2051 2392 2212 2433; x_wconf 89' lang='lat' dir='ltr'>rogans</span> 
     </span>
     <span class='ocr_line' id='line_1_48' title="bbox 328 2435 2212 2492; baseline -0.002 -11"><span class='ocrx_word' id='word_1_322' title='bbox 328 2441 487 2482; x_wconf 90' lang='lat' dir='ltr'>cuncta</span> <span class='ocrx_word' id='word_1_323' title='bbox 525 2439 734 2481; x_wconf 86' lang='lat' dir='ltr'>ecclesiae</span> <span class='ocrx_word' id='word_1_324' title='bbox 772 2437 1010 2492; x_wconf 88' lang='lat' dir='ltr'>privilegia</span> <span class='ocrx_word' id='word_1_325' title='bbox 1049 2438 1290 2480; x_wconf 89' lang='lat' dir='ltr'>renovavit.</span> <span class='ocrx_word' id='word_1_326' title='bbox 1365 2437 1450 2490; x_wconf 78' lang='lat' dir='ltr'>Qui</span> <span class='ocrx_word' id='word_1_327' title='bbox 1489 2451 1588 2480; x_wconf 91' lang='lat' dir='ltr'>cum</span> <span class='ocrx_word' id='word_1_328' title='bbox 1627 2437 1866 2480; x_wconf 89' lang='lat' dir='ltr'>exercitum</span> <span class='ocrx_word' id='word_1_329' title='bbox 1903 2436 1950 2479; x_wconf 89' lang='lat' dir='ltr'>in</span> <span class='ocrx_word' id='word_1_330' title='bbox 1981 2435 2212 2478; x_wconf 79' lang='lat' dir='ltr'>PontumW</span> 
     </span>
     <span class='ocr_line' id='line_1_49' title="bbox 329 2493 2210 2549; baseline -0.002 -11"><span class='ocrx_word' id='word_1_331' title='bbox 329 2497 564 2539; x_wconf 77' lang='lat' dir='ltr'>mitteretX</span> <span class='ocrx_word' id='word_1_332' title='bbox 611 2494 667 2537; x_wconf 88' lang='lat' dir='ltr'>ad</span> <span class='ocrx_word' id='word_1_333' title='bbox 713 2494 1168 2548; x_wconf 87' lang='lat' dir='ltr'>comprehendendum</span> <span class='ocrx_word' id='word_1_334' title='bbox 1214 2494 1538 2549; x_wconf 89' lang='lat' dir='ltr'>Philippicum,</span> <span class='ocrx_word' id='word_1_335' title='bbox 1594 2508 1722 2549; x_wconf 89' lang='lat' dir='ltr'>quem</span> <span class='ocrx_word' id='word_1_336' title='bbox 1776 2494 1842 2536; x_wconf 89' lang='lat' dir='ltr'>ibi</span> <span class='ocrx_word' id='word_1_337' title='bbox 1883 2493 2210 2547; x_wconf 60' lang='lat' dir='ltr'>relegaveraty,</span> 
     </span>
     <span class='ocr_line' id='line_1_50' title="bbox 328 2550 2075 2605; baseline -0.002 -10"><span class='ocrx_word' id='word_1_338' title='bbox 328 2553 520 2595; x_wconf 88' lang='lat' dir='ltr'>multum</span> <span class='ocrx_word' id='word_1_339' title='bbox 553 2565 650 2594; x_wconf 90' lang='lat' dir='ltr'>eum</span> <span class='ocrx_word' id='word_1_340' title='bbox 682 2551 824 2594; x_wconf 89' lang='lat' dir='ltr'>isdem</span> <span class='ocrx_word' id='word_1_341' title='bbox 855 2565 971 2605; x_wconf 84' lang='lat' dir='ltr'>papa</span> <span class='ocrx_word' id='word_1_342' title='bbox 1001 2551 1243 2605; x_wconf 74' lang='lat' dir='ltr'>prohibuit,</span> <span class='ocrx_word' id='word_1_343' title='bbox 1276 2552 1352 2594; x_wconf 90' lang='lat' dir='ltr'>sed</span> <span class='ocrx_word' id='word_1_344' title='bbox 1383 2556 1535 2595; x_wconf 90' lang='lat' dir='ltr'>tamen</span> <span class='ocrx_word' id='word_1_345' title='bbox 1565 2551 1765 2594; x_wconf 89' lang='lat' dir='ltr'>inhibere</span> <span class='ocrx_word' id='word_1_346' title='bbox 1796 2565 1883 2593; x_wconf 89' lang='lat' dir='ltr'>non</span> <span class='ocrx_word' id='word_1_347' title='bbox 1912 2550 2075 2603; x_wconf 91' lang='lat' dir='ltr'>potuit.</span> 
     </span>
    </p>

    <p class='ocr_par' dir='ltr' id='par_1_25' title="bbox 328 2605 2213 2775">
     <span class='ocr_line' id='line_1_51' title="bbox 473 2605 2212 2664; baseline -0.002 -13"><span class='ocrx_word' id='word_1_348' title='bbox 473 2609 714 2660; x_wconf 80' lang='lat' dir='ltr'>Exercitus,</span> <span class='ocrx_word' id='word_1_349' title='bbox 756 2609 831 2664; x_wconf 88' lang='lat' dir='ltr'>qui</span> <span class='ocrx_word' id='word_1_350' title='bbox 862 2609 1020 2650; x_wconf 86' lang='lat' dir='ltr'>missus</span> <span class='ocrx_word' id='word_1_351' title='bbox 1060 2610 1211 2651; x_wconf 90' lang='lat' dir='ltr'>contra</span> <span class='ocrx_word' id='word_1_352' title='bbox 1243 2608 1546 2662; x_wconf 87' lang='lat' dir='ltr'>Philippicum</span> <span class='ocrx_word' id='word_1_353' title='bbox 1577 2607 1764 2657; x_wconf 57' lang='lat' dir='ltr'>suen-aiz,</span> <span class='ocrx_word' id='word_1_354' title='bbox 1805 2607 1861 2650; x_wconf 89' lang='lat' dir='ltr'>ad</span> <span class='ocrx_word' id='word_1_355' title='bbox 1891 2608 2067 2661; x_wconf 88' lang='lat' dir='ltr'>partem</span> <span class='ocrx_word' id='word_1_356' title='bbox 2099 2605 2212 2649; x_wconf 92' lang='lat' dir='ltr'>eius</span> 
     </span>
     <span class='ocr_line' id='line_1_52' title="bbox 329 2662 2212 2719; baseline -0.003 -9"><span class='ocrx_word' id='word_1_357' title='bbox 329 2681 373 2710; x_wconf 89' lang='lat' dir='ltr'>se</span> <span class='ocrx_word' id='word_1_358' title='bbox 406 2666 597 2710; x_wconf 88' lang='lat' dir='ltr'>contulit</span> <span class='ocrx_word' id='word_1_359' title='bbox 628 2668 680 2708; x_wconf 90' lang='lat' dir='ltr'>et</span> <span class='ocrx_word' id='word_1_360' title='bbox 712 2679 810 2708; x_wconf 90' lang='lat' dir='ltr'>eum</span> <span class='ocrx_word' id='word_1_361' title='bbox 842 2665 1155 2719; x_wconf 85' lang='lat' dir='ltr'>imperatorem</span> <span class='ocrx_word' id='word_1_362' title='bbox 1186 2665 1305 2708; x_wconf 83' lang='lat' dir='ltr'>fecit.</span> <span class='ocrx_word' id='word_1_363' title='bbox 1374 2664 1457 2717; x_wconf 85' lang='lat' dir='ltr'>Qui</span> <span class='ocrx_word' id='word_1_364' title='bbox 1488 2664 1919 2718; x_wconf 85' lang='lat' dir='ltr'>Constantinopolim</span> <span class='ocrx_word' id='word_1_365' title='bbox 1959 2665 2111 2706; x_wconf 88' lang='lat' dir='ltr'>contra</span> <span class='ocrx_word' id='word_1_366' title='bbox 2141 2662 2212 2704; x_wconf 92' lang='lat' dir='ltr'>Iu-</span> 
     </span>
     <span class='ocr_line' id='line_1_53' title="bbox 328 2720 2213 2775; baseline -0.002 -9"><span class='ocrx_word' id='word_1_367' title='bbox 328 2724 603 2767; x_wconf 74' lang='lat' dir='ltr'>stinianuma</span> <span class='ocrx_word' id='word_1_368' title='bbox 627 2723 804 2765; x_wconf 89' lang='lat' dir='ltr'>veniens</span> <span class='ocrx_word' id='word_1_369' title='bbox 838 2735 935 2764; x_wconf 89' lang='lat' dir='ltr'>cum</span> <span class='ocrx_word' id='word_1_370' title='bbox 968 2735 1016 2765; x_wconf 93' lang='lat' dir='ltr'>eo</span> <span class='ocrx_word' id='word_1_371' title='bbox 1049 2722 1104 2765; x_wconf 89' lang='lat' dir='ltr'>ab</span> <span class='ocrx_word' id='word_1_372' title='bbox 1136 2723 1244 2765; x_wconf 89' lang='lat' dir='ltr'>urbe</span> <span class='ocrx_word' id='word_1_373' title='bbox 1276 2722 1469 2765; x_wconf 84' lang='lat' dir='ltr'>miliario</span> <span class='ocrx_word' id='word_1_374' title='bbox 1493 2721 1749 2765; x_wconf 90' lang='lat' dir='ltr'>duodecimo</span> <span class='ocrx_word' id='word_1_375' title='bbox 1772 2720 1991 2775; x_wconf 85' lang='lat' dir='ltr'>pugnavit</span> <span class='ocrx_word' id='word_1_376' title='bbox 2022 2722 2068 2763; x_wconf 86' lang='lat' dir='ltr'>et</span> <span class='ocrx_word' id='word_1_377' title='bbox 2099 2732 2213 2762; x_wconf 90' lang='lat' dir='ltr'>eum</span> 
     </span>
    </p>
   </div>
   <div class='ocr_carea' id='block_1_20' title="bbox 329 2776 2209 2844">
    <p class='ocr_par' dir='ltr' id='par_1_26' title="bbox 329 2776 2209 2844">
     <span class='ocr_line' id='line_1_54' title="bbox 329 2776 2209 2844; baseline -0.002 -14"><span class='ocrx_word' id='word_1_378' title='bbox 329 2787 489 2830; x_wconf 89' lang='lat' dir='ltr'>occidit</span> <span class='ocrx_word' id='word_1_379' title='bbox 535 2800 808 2842; x_wconf 86' lang='lat' dir='ltr'>regnumque</span> <span class='ocrx_word' id='word_1_380' title='bbox 855 2785 1042 2840; x_wconf 90' lang='lat' dir='ltr'>adeptus</span> <span class='ocrx_word' id='word_1_381' title='bbox 1089 2788 1166 2828; x_wconf 88' lang='lat' dir='ltr'>est.</span> <span class='ocrx_word' id='word_1_382' title='bbox 1243 2785 1491 2840; x_wconf 80' lang='lat' dir='ltr'>Imperavit</span> <span class='ocrx_word' id='word_1_383' title='bbox 1538 2788 1699 2835; x_wconf 84' lang='lat' dir='ltr'>autem,</span> <span class='ocrx_word' id='word_1_384' title='bbox 1744 2785 1803 2828; x_wconf 79' lang='lat' dir='ltr'>ut</span> <span class='ocrx_word' id='word_1_385' title='bbox 1854 2776 2209 2844; x_wconf 80' lang='lat' dir='ltr'>premisimus,</span> 
     </span>
    </p>
   </div>
   <div class='ocr_carea' id='block_1_21' title="bbox 327 2846 2212 3074">
    <p class='ocr_par' dir='ltr' id='par_1_27' title="bbox 327 2846 2212 3074">
     <span class='ocr_line' id='line_1_55' title="bbox 327 2846 2212 2903; baseline -0.002 -10"><span class='ocrx_word' id='word_1_386' title='bbox 327 2852 410 2894; x_wconf 88' lang='lat' dir='ltr'>hac</span> <span class='ocrx_word' id='word_1_387' title='bbox 451 2850 640 2893; x_wconf 87' lang='lat' dir='ltr'>secunda</span> <span class='ocrx_word' id='word_1_388' title='bbox 678 2851 772 2893; x_wconf 84' lang='lat' dir='ltr'>vice</span> <span class='ocrx_word' id='word_1_389' title='bbox 811 2850 874 2893; x_wconf 90' lang='lat' dir='ltr'>VI</span> <span class='ocrx_word' id='word_1_390' title='bbox 915 2850 1093 2893; x_wconf 81' lang='lat' dir='ltr'>annosb.</span> <span class='ocrx_word' id='word_1_391' title='bbox 1163 2848 1301 2901; x_wconf 80' lang='lat' dir='ltr'>Quem</span> <span class='ocrx_word' id='word_1_392' title='bbox 1340 2850 1427 2892; x_wconf 90' lang='lat' dir='ltr'>Leo</span> <span class='ocrx_word' id='word_1_393' title='bbox 1459 2850 1506 2892; x_wconf 93' lang='lat' dir='ltr'>in</span> <span class='ocrx_word' id='word_1_394' title='bbox 1537 2849 1789 2903; x_wconf 88' lang='lat' dir='ltr'>expulsione</span> <span class='ocrx_word' id='word_1_395' title='bbox 1825 2849 2000 2902; x_wconf 90' lang='lat' dir='ltr'>ipsius</span> <span class='ocrx_word' id='word_1_396' title='bbox 2031 2846 2212 2890; x_wconf 86' lang='lat' dir='ltr'>naribus</span> 
     </span>
     <span class='ocr_line' id='line_1_56' title="bbox 330 2905 2211 2962; baseline -0.002 -12"><span class='ocrx_word' id='word_1_397' title='bbox 330 2907 628 2957; x_wconf 83' lang='lat' dir='ltr'>detruncavit3</span> <span class='ocrx_word' id='word_1_398' title='bbox 654 2908 730 2962; x_wconf 90' lang='lat' dir='ltr'>qui</span> <span class='ocrx_word' id='word_1_399' title='bbox 754 2909 855 2961; x_wconf 92' lang='lat' dir='ltr'>post</span> <span class='ocrx_word' id='word_1_400' title='bbox 878 2907 1041 2949; x_wconf 87' lang='lat' dir='ltr'>iterum</span> <span class='ocrx_word' id='word_1_401' title='bbox 1067 2909 1292 2960; x_wconf 87' lang='lat' dir='ltr'>assumpto</span> <span class='ocrx_word' id='word_1_402' title='bbox 1308 2907 1507 2960; x_wconf 86' lang='lat' dir='ltr'>imperio,</span> <span class='ocrx_word' id='word_1_403' title='bbox 1534 2906 1734 2962; x_wconf 91' lang='lat' dir='ltr'>quotiens</span> <span class='ocrx_word' id='word_1_404' title='bbox 1751 2905 2014 2948; x_wconf 87' lang='lat' dir='ltr'>defluentem</span> <span class='ocrx_word' id='word_1_405' title='bbox 2032 2906 2211 2960; x_wconf 88' lang='lat' dir='ltr'>guttam</span> 
     </span>
     <span class='ocr_line' id='line_1_57' title="bbox 327 2963 2212 3019; baseline -0.002 -13"><span class='ocrx_word' id='word_1_406' title='bbox 327 2965 540 3007; x_wconf 83' lang='lat' dir='ltr'>reumatis</span> <span class='ocrx_word' id='word_1_407' title='bbox 578 2978 711 3006; x_wconf 87' lang='lat' dir='ltr'>manu</span> <span class='ocrx_word' id='word_1_408' title='bbox 750 2964 957 3013; x_wconf 87' lang='lat' dir='ltr'>detersit,</span> <span class='ocrx_word' id='word_1_409' title='bbox 997 2977 1108 3017; x_wconf 89' lang='lat' dir='ltr'>pene</span> <span class='ocrx_word' id='word_1_410' title='bbox 1146 2964 1311 3007; x_wconf 87' lang='lat' dir='ltr'>totiens</span> <span class='ocrx_word' id='word_1_411' title='bbox 1351 2964 1546 3019; x_wconf 85' lang='lat' dir='ltr'>aliquem</span> <span class='ocrx_word' id='word_1_412' title='bbox 1587 2977 1636 3006; x_wconf 89' lang='lat' dir='ltr'>ex</span> <span class='ocrx_word' id='word_1_413' title='bbox 1673 2963 1762 3013; x_wconf 85' lang='lat' dir='ltr'>his,</span> <span class='ocrx_word' id='word_1_414' title='bbox 1805 2963 1881 3017; x_wconf 89' lang='lat' dir='ltr'>qui</span> <span class='ocrx_word' id='word_1_415' title='bbox 1921 2964 2073 3005; x_wconf 87' lang='lat' dir='ltr'>contra</span> <span class='ocrx_word' id='word_1_416' title='bbox 2112 2973 2212 3003; x_wconf 91' lang='lat' dir='ltr'>eum</span> 
     </span>
     <span class='ocr_line' id='line_1_58' title="bbox 328 3021 1050 3074; baseline 0 -11"><span class='ocrx_word' id='word_1_417' title='bbox 328 3021 516 3069; x_wconf 87' lang='lat' dir='ltr'>fuerant,</span> <span class='ocrx_word' id='word_1_418' title='bbox 550 3021 779 3074; x_wconf 71' lang='lat' dir='ltr'>iugularic</span> <span class='ocrx_word' id='word_1_419' title='bbox 807 3021 1050 3074; x_wconf 66' lang='lat' dir='ltr'>precepit*</span> 
     </span>
    </p>
   </div>
   <div class='ocr_carea' id='block_1_22' title="bbox 425 3101 2210 3159">
    <p class='ocr_par' dir='ltr' id='par_1_28' title="bbox 425 3101 2210 3159">
     <span class='ocr_line' id='line_1_59' title="bbox 425 3101 2210 3159; baseline -0.003 -13"><span class='ocrx_word' id='word_1_420' title='bbox 425 3104 466 3157; x_wconf 84' lang='lat'>*)</span> <span class='ocrx_word' id='word_1_421' title='bbox 496 3104 818 3159; x_wconf 84' lang='lat' dir='ltr'>Reganasburh</span> <span class='ocrx_word' id='word_1_422' title='bbox 856 3105 1241 3148; x_wconf 89' lang='lat' dir='ltr'>Hemmerammus</span> <span class='ocrx_word' id='word_1_423' title='bbox 1281 3104 1508 3158; x_wconf 89' lang='lat' dir='ltr'>episcopus</span> <span class='ocrx_word' id='word_1_424' title='bbox 1547 3103 1690 3145; x_wconf 89' lang='lat' dir='ltr'>clarus</span> <span class='ocrx_word' id='word_1_425' title='bbox 1729 3102 1918 3144; x_wconf 88' lang='lat' dir='ltr'>habetur</span> <span class='ocrx_word' id='word_1_426' title='bbox 1955 3101 2061 3145; x_wconf 83' lang='lat' dir='ltr'>add.</span> <span class='ocrx_word' id='word_1_427' title='bbox 2102 3102 2147 3144; x_wconf 91' lang='grc' dir='ltr'><em>Β</em></span> <span class='ocrx_word' id='word_1_428' title='bbox 2170 3103 2210 3145; x_wconf 88' lang='lat'>3.</span> 
     </span>
    </p>
   </div>
   <div class='ocr_carea' id='block_1_23' title="bbox 330 3177 2210 3348">
    <p class='ocr_par' dir='ltr' id='par_1_29' title="bbox 330 3177 2210 3348">
     <span class='ocr_line' id='line_1_60' title="bbox 330 3177 2209 3220; baseline -0.002 -8"><span class='ocrx_word' id='word_1_429' title='bbox 330 3182 365 3220; x_wconf 88' lang='lat' dir='ltr'>a)</span> <span class='ocrx_word' id='word_1_430' title='bbox 397 3181 585 3219; x_wconf 73' lang='lat' dir='ltr'>ewangelii</span> <span class='ocrx_word' id='word_1_431' title='bbox 610 3183 640 3212; x_wconf 90' lang='grc' dir='ltr'><em>Β</em></span> <span class='ocrx_word' id='word_1_432' title='bbox 658 3183 687 3212; x_wconf 82' lang='grc'>2.</span> <span class='ocrx_word' id='word_1_433' title='bbox 785 3181 822 3219; x_wconf 88' lang='lat' dir='ltr'>b)</span> <span class='ocrx_word' id='word_1_434' title='bbox 853 3182 897 3211; x_wconf 82' lang='lat' dir='ltr'>ad</span> <span class='ocrx_word' id='word_1_435' title='bbox 922 3181 1025 3212; x_wconf 85' lang='lat' dir='ltr'>eand.</span> <span class='ocrx_word' id='word_1_436' title='bbox 1053 3191 1086 3218; x_wconf 78' lang='lat' dir='ltr'>g.</span> <span class='ocrx_word' id='word_1_437' title='bbox 1112 3180 1368 3220; x_wconf 83' lang='lat' dir='ltr'>predicandam</span> <span class='ocrx_word' id='word_1_438' title='bbox 1391 3180 1422 3210; x_wconf 92' lang='lat' dir='ltr'><em>A</em></span> <span class='ocrx_word' id='word_1_439' title='bbox 1440 3182 1469 3210; x_wconf 79' lang='lat'>2.</span> <span class='ocrx_word' id='word_1_440' title='bbox 1567 3178 1602 3220; x_wconf 88' lang='lat' dir='ltr'>c)</span> <span class='ocrx_word' id='word_1_441' title='bbox 1634 3178 1819 3210; x_wconf 87' lang='lat' dir='ltr'>DXXXV.</span> <span class='ocrx_word' id='word_1_442' title='bbox 1847 3178 1946 3209; x_wconf 82' lang='lat' dir='ltr'>codd.</span> <span class='ocrx_word' id='word_1_443' title='bbox 2037 3177 2074 3218; x_wconf 91' lang='lat' dir='ltr'>d)</span> <span class='ocrx_word' id='word_1_444' title='bbox 2104 3178 2209 3208; x_wconf 83' lang='lat' dir='ltr'>annis</span> 
     </span>
     <span class='ocr_line' id='line_1_61' title="bbox 331 3220 2210 3262; baseline -0.002 -7"><span class='ocrx_word' id='word_1_445' title='bbox 331 3225 362 3255; x_wconf 85' lang='lat' dir='ltr'><em>A</em></span> <span class='ocrx_word' id='word_1_446' title='bbox 378 3225 407 3255; x_wconf 82' lang='lat'>2.</span> <span class='ocrx_word' id='word_1_447' title='bbox 435 3225 466 3254; x_wconf 89' lang='grc' dir='ltr'><em>Β</em></span> <span class='ocrx_word' id='word_1_448' title='bbox 483 3225 513 3255; x_wconf 88' lang='grc'>3.</span> <span class='ocrx_word' id='word_1_449' title='bbox 625 3222 658 3262; x_wconf 90' lang='lat' dir='ltr'>e)</span> <span class='ocrx_word' id='word_1_450' title='bbox 685 3224 780 3253; x_wconf 74' lang='lat' dir='ltr'>deest</span> <span class='ocrx_word' id='word_1_451' title='bbox 806 3223 833 3253; x_wconf 87' lang='lat' dir='ltr'><em>A</em></span> <span class='ocrx_word' id='word_1_452' title='bbox 853 3225 884 3253; x_wconf 76' lang='lat'>2.</span> <span class='ocrx_word' id='word_1_453' title='bbox 996 3224 1024 3258; x_wconf 76' lang='lat' dir='ltr'>f)</span> <span class='ocrx_word' id='word_1_454' title='bbox 1058 3224 1154 3254; x_wconf 84' lang='lat' dir='ltr'>beati</span> <span class='ocrx_word' id='word_1_455' title='bbox 1179 3223 1273 3253; x_wconf 85' lang='lat' dir='ltr'>dion.</span> <span class='ocrx_word' id='word_1_456' title='bbox 1301 3231 1430 3260; x_wconf 88' lang='lat' dir='ltr'>corpus</span> <span class='ocrx_word' id='word_1_457' title='bbox 1454 3223 1486 3252; x_wconf 92' lang='grc' dir='ltr'><em>Β</em></span> <span class='ocrx_word' id='word_1_458' title='bbox 1504 3225 1534 3252; x_wconf 87' lang='grc'>1.</span> <span class='ocrx_word' id='word_1_459' title='bbox 1643 3220 1681 3261; x_wconf 88' lang='lat' dir='ltr'>g)</span> <span class='ocrx_word' id='word_1_460' title='bbox 1710 3221 1778 3251; x_wconf 89' lang='lat' dir='ltr'>hos</span> <span class='ocrx_word' id='word_1_461' title='bbox 1802 3222 1846 3251; x_wconf 91' lang='grc' dir='ltr'><em>Β.</em></span> <span class='ocrx_word' id='word_1_462' title='bbox 1957 3220 1995 3258; x_wconf 84' lang='lat' dir='ltr'>h)</span> <span class='ocrx_word' id='word_1_463' title='bbox 2019 3220 2109 3250; x_wconf 71' lang='lat' dir='ltr'>deest</span> <span class='ocrx_word' id='word_1_464' title='bbox 2133 3220 2162 3251; x_wconf 89' lang='lat' dir='ltr'><strong><em>A</em></strong></span> <span class='ocrx_word' id='word_1_465' title='bbox 2178 3222 2210 3251; x_wconf 76' lang='lat'>2.</span> 
     </span>
     <span class='ocr_line' id='line_1_62' title="bbox 330 3261 2209 3306; baseline -0.003 -9"><span class='ocrx_word' id='word_1_466' title='bbox 330 3269 356 3305; x_wconf 86' lang='lat' dir='ltr'>i)</span> <span class='ocrx_word' id='word_1_467' title='bbox 378 3276 485 3306; x_wconf 84' lang='lat' dir='ltr'>quam</span> <span class='ocrx_word' id='word_1_468' title='bbox 509 3271 584 3297; x_wconf 85' lang='lat' dir='ltr'>tum</span> <span class='ocrx_word' id='word_1_469' title='bbox 609 3266 639 3296; x_wconf 97' lang='lat' dir='ltr'><em>A</em></span> <span class='ocrx_word' id='word_1_470' title='bbox 655 3267 687 3296; x_wconf 81' lang='lat'>2.</span> <span class='ocrx_word' id='word_1_471' title='bbox 771 3265 811 3304; x_wconf 86' lang='lat' dir='ltr'>k)</span> <span class='ocrx_word' id='word_1_472' title='bbox 843 3264 987 3296; x_wconf 83' lang='lat' dir='ltr'>diffudit</span> <span class='ocrx_word' id='word_1_473' title='bbox 1011 3267 1042 3295; x_wconf 93' lang='lat' dir='ltr'><em>B</em></span> <span class='ocrx_word' id='word_1_474' title='bbox 1060 3268 1088 3296; x_wconf 82' lang='grc'>2.</span> <span class='ocrx_word' id='word_1_475' title='bbox 1173 3264 1200 3304; x_wconf 89' lang='lat' dir='ltr'>l)</span> <span class='ocrx_word' id='word_1_476' title='bbox 1235 3265 1317 3295; x_wconf 87' lang='lat' dir='ltr'>iulii</span> <span class='ocrx_word' id='word_1_477' title='bbox 1342 3265 1371 3295; x_wconf 87' lang='lat' dir='ltr'><em>A</em></span> <span class='ocrx_word' id='word_1_478' title='bbox 1389 3266 1419 3295; x_wconf 74' lang='lat'>2.</span> <span class='ocrx_word' id='word_1_479' title='bbox 1510 3267 1558 3300; x_wconf 91' lang='lat' dir='ltr'>m)</span> <span class='ocrx_word' id='word_1_480' title='bbox 1588 3266 1665 3301; x_wconf 85' lang='lat' dir='ltr'>regi</span> <span class='ocrx_word' id='word_1_481' title='bbox 1689 3273 1709 3294; x_wconf 83' lang='lat' dir='ltr'>a</span> <span class='ocrx_word' id='word_1_482' title='bbox 1732 3264 1764 3293; x_wconf 92' lang='grc' dir='ltr'><em>Β</em></span> <span class='ocrx_word' id='word_1_483' title='bbox 1780 3264 1812 3294; x_wconf 88' lang='lat'>3.</span> <span class='ocrx_word' id='word_1_484' title='bbox 1900 3261 1939 3302; x_wconf 92' lang='lat' dir='ltr'>n)</span> <span class='ocrx_word' id='word_1_485' title='bbox 1970 3262 2086 3294; x_wconf 85' lang='lat' dir='ltr'>DXL.</span> <span class='ocrx_word' id='word_1_486' title='bbox 2110 3262 2209 3292; x_wconf 81' lang='lat' dir='ltr'>codd.</span> 
     </span>
     <span class='ocr_line' id='line_1_63' title="bbox 330 3305 2209 3348; baseline -0.003 -8"><span class='ocrx_word' id='word_1_487' title='bbox 330 3310 365 3348; x_wconf 89' lang='grc' dir='ltr'>ο)</span> <span class='ocrx_word' id='word_1_488' title='bbox 389 3310 640 3340; x_wconf 79' lang='lat' dir='ltr'>Iustiauianus</span> <span class='ocrx_word' id='word_1_489' title='bbox 663 3308 695 3338; x_wconf 92' lang='grc' dir='ltr'><em>Β</em></span> <span class='ocrx_word' id='word_1_490' title='bbox 711 3309 741 3338; x_wconf 78' lang='grc'>2.</span> <span class='ocrx_word' id='word_1_491' title='bbox 812 3306 848 3346; x_wconf 90' lang='lat' dir='ltr'>p)</span> <span class='ocrx_word' id='word_1_492' title='bbox 874 3307 1013 3346; x_wconf 81' lang='lat' dir='ltr'>tyberio</span> <span class='ocrx_word' id='word_1_493' title='bbox 1036 3308 1066 3338; x_wconf 86' lang='lat' dir='ltr'><em>A</em></span> <span class='ocrx_word' id='word_1_494' title='bbox 1084 3309 1113 3338; x_wconf 80' lang='lat'>2.</span> <span class='ocrx_word' id='word_1_495' title='bbox 1142 3308 1173 3338; x_wconf 90' lang='grc' dir='ltr'><em>Β</em></span> <span class='ocrx_word' id='word_1_496' title='bbox 1189 3308 1220 3337; x_wconf 79' lang='grc'>2.</span> <span class='ocrx_word' id='word_1_497' title='bbox 1289 3305 1325 3346; x_wconf 86' lang='lat' dir='ltr'>q)</span> <span class='ocrx_word' id='word_1_498' title='bbox 1349 3307 1454 3337; x_wconf 72' lang='lat' dir='ltr'>annis</span> <span class='ocrx_word' id='word_1_499' title='bbox 1478 3306 1509 3336; x_wconf 93' lang='lat' dir='ltr'><em>A</em></span> <span class='ocrx_word' id='word_1_500' title='bbox 1527 3307 1557 3337; x_wconf 79' lang='lat'>2.</span> <span class='ocrx_word' id='word_1_501' title='bbox 1587 3307 1618 3336; x_wconf 88' lang='lat' dir='ltr'><em>B</em></span> <span class='ocrx_word' id='word_1_502' title='bbox 1634 3308 1665 3338; x_wconf 92' lang='lat'>3.</span> <span class='ocrx_word' id='word_1_503' title='bbox 1734 3305 1765 3344; x_wconf 93' lang='lat' dir='ltr'>r)</span> <span class='ocrx_word' id='word_1_504' title='bbox 1789 3305 1939 3344; x_wconf 80' lang='lat' dir='ltr'>patricio</span> <span class='ocrx_word' id='word_1_505' title='bbox 1957 3305 2109 3336; x_wconf 83' lang='lat' dir='ltr'>succidit</span> <span class='ocrx_word' id='word_1_506' title='bbox 2131 3305 2163 3335; x_wconf 93' lang='grc' dir='ltr'><em>Β</em></span> <span class='ocrx_word' id='word_1_507' title='bbox 2179 3306 2209 3336; x_wconf 82' lang='lat'>2.</span> 
     </span>
    </p>
   </div>
   <div class='ocr_carea' id='block_1_24' title="bbox 330 3348 2211 3477">
    <p class='ocr_par' dir='ltr' id='par_1_30' title="bbox 330 3348 2211 3477">
     <span class='ocr_line' id='line_1_64' title="bbox 332 3348 2211 3391; baseline -0.003 -8"><span class='ocrx_word' id='word_1_508' title='bbox 332 3357 363 3391; x_wconf 83' lang='lat' dir='ltr'>s)</span> <span class='ocrx_word' id='word_1_509' title='bbox 388 3360 585 3391; x_wconf 86' lang='lat' dir='ltr'>cyrumque</span> <span class='ocrx_word' id='word_1_510' title='bbox 609 3351 639 3381; x_wconf 91' lang='lat' dir='ltr'><em>A</em></span> <span class='ocrx_word' id='word_1_511' title='bbox 657 3350 688 3381; x_wconf 69' lang='lat'>2¹.</span> <span class='ocrx_word' id='word_1_512' title='bbox 786 3349 814 3388; x_wconf 90' lang='lat' dir='ltr'>t)</span> <span class='ocrx_word' id='word_1_513' title='bbox 836 3351 1014 3387; x_wconf 76' lang='lat' dir='ltr'>gallicinii</span> <span class='ocrx_word' id='word_1_514' title='bbox 1039 3351 1069 3380; x_wconf 83' lang='lat' dir='ltr'><em>A</em></span> <span class='ocrx_word' id='word_1_515' title='bbox 1086 3352 1117 3380; x_wconf 80' lang='lat'>2.</span> <span class='ocrx_word' id='word_1_516' title='bbox 1215 3348 1252 3388; x_wconf 92' lang='lat' dir='ltr'>u)</span> <span class='ocrx_word' id='word_1_517' title='bbox 1276 3357 1413 3379; x_wconf 82' lang='lat' dir='ltr'>romam</span> <span class='ocrx_word' id='word_1_518' title='bbox 1438 3349 1469 3379; x_wconf 90' lang='lat' dir='ltr'><em>B</em></span> <span class='ocrx_word' id='word_1_519' title='bbox 1486 3352 1516 3380; x_wconf 92' lang='grc'>1.</span> <span class='ocrx_word' id='word_1_520' title='bbox 1607 3348 1646 3388; x_wconf 90' lang='lat' dir='ltr'>v)</span> <span class='ocrx_word' id='word_1_521' title='bbox 1669 3349 1918 3379; x_wconf 74' lang='lat' dir='ltr'>constantinus</span> <span class='ocrx_word' id='word_1_522' title='bbox 1943 3349 1975 3378; x_wconf 92' lang='grc' dir='ltr'><em>Β</em></span> <span class='ocrx_word' id='word_1_523' title='bbox 1991 3349 2023 3379; x_wconf 83' lang='grc'>2.</span> <span class='ocrx_word' id='word_1_524' title='bbox 2105 3348 2152 3388; x_wconf 84' lang='lat' dir='ltr'>w)</span> <span class='ocrx_word' id='word_1_525' title='bbox 2174 3349 2211 3378; x_wconf 86' lang='lat' dir='ltr'>in</span> 
     </span>
     <span class='ocr_line' id='line_1_65' title="bbox 330 3389 2209 3433; baseline -0.001 -8"><span class='ocrx_word' id='word_1_526' title='bbox 330 3398 438 3433; x_wconf 84' lang='lat' dir='ltr'>ponto</span> <span class='ocrx_word' id='word_1_527' title='bbox 464 3395 494 3425; x_wconf 91' lang='lat' dir='ltr'><em>A</em></span> <span class='ocrx_word' id='word_1_528' title='bbox 511 3396 541 3425; x_wconf 80' lang='lat'>2.</span> <span class='ocrx_word' id='word_1_529' title='bbox 626 3392 663 3432; x_wconf 86' lang='lat' dir='ltr'>x)</span> <span class='ocrx_word' id='word_1_530' title='bbox 686 3393 830 3423; x_wconf 82' lang='lat' dir='ltr'>mittere</span> <span class='ocrx_word' id='word_1_531' title='bbox 855 3393 886 3423; x_wconf 87' lang='grc' dir='ltr'><em>Β</em></span> <span class='ocrx_word' id='word_1_532' title='bbox 903 3394 934 3423; x_wconf 79' lang='grc'>2.</span> <span class='ocrx_word' id='word_1_533' title='bbox 1017 3392 1055 3432; x_wconf 88' lang='lat' dir='ltr'>y)</span> <span class='ocrx_word' id='word_1_534' title='bbox 1082 3392 1304 3430; x_wconf 82' lang='lat' dir='ltr'>religaverat</span> <span class='ocrx_word' id='word_1_535' title='bbox 1325 3392 1357 3421; x_wconf 90' lang='grc' dir='ltr'><em>Β</em></span> <span class='ocrx_word' id='word_1_536' title='bbox 1373 3393 1404 3422; x_wconf 77' lang='grc'>2.</span> <span class='ocrx_word' id='word_1_537' title='bbox 1430 3392 1461 3422; x_wconf 90' lang='grc'>3.</span> <span class='ocrx_word' id='word_1_538' title='bbox 1536 3390 1570 3430; x_wconf 79' lang='lat' dir='ltr'>z)</span> <span class='ocrx_word' id='word_1_539' title='bbox 1594 3392 1657 3428; x_wconf 89' lang='lat' dir='ltr'>qui</span> <span class='ocrx_word' id='word_1_540' title='bbox 1680 3399 1709 3421; x_wconf 90' lang='lat' dir='ltr'>c.</span> <span class='ocrx_word' id='word_1_541' title='bbox 1737 3391 1804 3421; x_wconf 85' lang='lat' dir='ltr'>Ph.</span> <span class='ocrx_word' id='word_1_542' title='bbox 1830 3391 1949 3421; x_wconf 82' lang='lat' dir='ltr'>fuerat</span> <span class='ocrx_word' id='word_1_543' title='bbox 1971 3392 2107 3422; x_wconf 84' lang='lat' dir='ltr'>missus</span> <span class='ocrx_word' id='word_1_544' title='bbox 2131 3389 2162 3420; x_wconf 89' lang='lat' dir='ltr'><em>A</em></span> <span class='ocrx_word' id='word_1_545' title='bbox 2177 3391 2209 3423; x_wconf 84' lang='lat'>2.</span> 
     </span>
     <span class='ocr_line' id='line_1_66' title="bbox 331 3433 1513 3477; baseline -0.003 -11"><span class='ocrx_word' id='word_1_546' title='bbox 331 3439 367 3477; x_wconf 70' lang='lat' dir='ltr'>a)</span> <span class='ocrx_word' id='word_1_547' title='bbox 391 3438 590 3468; x_wconf 84' lang='lat' dir='ltr'>iustianum</span> <span class='ocrx_word' id='word_1_548' title='bbox 614 3437 645 3466; x_wconf 93' lang='grc' dir='ltr'><em>Β</em></span> <span class='ocrx_word' id='word_1_549' title='bbox 662 3437 691 3466; x_wconf 84' lang='grc'>2.</span> <span class='ocrx_word' id='word_1_550' title='bbox 783 3435 821 3475; x_wconf 88' lang='lat' dir='ltr'>b)</span> <span class='ocrx_word' id='word_1_551' title='bbox 846 3435 950 3465; x_wconf 82' lang='lat' dir='ltr'>annis</span> <span class='ocrx_word' id='word_1_552' title='bbox 975 3443 1037 3465; x_wconf 83' lang='lat' dir='ltr'>sex</span> <span class='ocrx_word' id='word_1_553' title='bbox 1062 3435 1092 3465; x_wconf 79' lang='lat' dir='ltr'><em>A</em></span> <span class='ocrx_word' id='word_1_554' title='bbox 1109 3436 1138 3465; x_wconf 69' lang='lat'>⁴2.</span> <span class='ocrx_word' id='word_1_555' title='bbox 1231 3437 1263 3470; x_wconf 91' lang='lat' dir='ltr'>c)</span> <span class='ocrx_word' id='word_1_556' title='bbox 1287 3433 1411 3472; x_wconf 61' lang='lat' dir='ltr'>iugula</span> <span class='ocrx_word' id='word_1_557' title='bbox 1435 3434 1466 3463; x_wconf 91' lang='grc' dir='ltr'><em>Β</em></span> <span class='ocrx_word' id='word_1_558' title='bbox 1484 3436 1513 3464; x_wconf 88' lang='grc'>1.</span> 
     </span>
    </p>
   </div>
   <div class='ocr_carea' id='block_1_25' title="bbox 334 3496 2098 3554">
    <p class='ocr_par' dir='ltr' id='par_1_31' title="bbox 334 3496 2098 3554">
     <span class='ocr_line' id='line_1_67' title="bbox 334 3496 2098 3554; baseline -0.003 -10"><span class='ocrx_word' id='word_1_559' title='bbox 334 3501 375 3554; x_wconf 86' lang='grc'>1)</span> <span class='ocrx_word' id='word_1_560' title='bbox 409 3502 483 3544; x_wconf 61' lang='lat' dir='ltr'>Ea:</span> <span class='ocrx_word' id='word_1_561' title='bbox 515 3501 606 3544; x_wconf 70' lang='lat' dir='ltr'>rita</span> <span class='ocrx_word' id='word_1_562' title='bbox 638 3500 917 3543; x_wconf 71' lang='lat' dir='ltr'>Landeberci</span> <span class='ocrx_word' id='word_1_563' title='bbox 946 3505 1128 3542; x_wconf 76' lang='lat' dir='ltr'>auctore</span> <span class='ocrx_word' id='word_1_564' title='bbox 1161 3497 1435 3542; x_wconf 67' lang='lat' dir='ltr'>Goelescczlco</span> <span class='ocrx_word' id='word_1_565' title='bbox 1466 3497 1604 3547; x_wconf 72' lang='lat' dir='ltr'>(Acta</span> <span class='ocrx_word' id='word_1_566' title='bbox 1636 3497 1717 3540; x_wconf 82' lang='lat' dir='ltr'>SS.</span> <span class='ocrx_word' id='word_1_567' title='bbox 1744 3496 1863 3551; x_wconf 70' lang='lat' dir='ltr'>Sept.</span> <span class='ocrx_word' id='word_1_568' title='bbox 1893 3497 1946 3548; x_wconf 82' lang='lat' dir='ltr'>V,</span> <span class='ocrx_word' id='word_1_569' title='bbox 1978 3496 2098 3548; x_wconf 82' lang='lat'>474).</span> 
     </span>
    </p>
   </div>
   <div class='ocr_carea' id='block_1_26' title="bbox 2476 427 2491 626">
    <p class='ocr_par' dir='ltr' id='par_1_32' title="bbox 2476 427 2491 626">
     <span class='ocr_line' id='line_1_68' title="bbox 2476 427 2491 626; textangle 90"><span class='ocrx_word' id='word_1_570' title='bbox 2478 587 2491 626; x_wconf 32' lang='lat' dir='ltr'>uh„</span> <span class='ocrx_word' id='word_1_571' title='bbox 2476 555 2487 569; x_wconf 80' lang='grc' dir='ltr'><strong>ἰ</strong></span> <span class='ocrx_word' id='word_1_572' title='bbox 2480 477 2491 539; x_wconf 53' lang='lat'>401..</span> <span class='ocrx_word' id='word_1_573' title='bbox 2482 447 2487 462; x_wconf 59' lang='lat'>.„</span> <span class='ocrx_word' id='word_1_574' title='bbox 2487 427 2491 434; x_wconf 40' lang='lat'><strong>³</strong></span> 
     </span>
    </p>
   </div>
   <div class='ocr_carea' id='block_1_27' title="bbox 2237 1852 2491 1920">
    <p class='ocr_par' dir='ltr' id='par_1_33' title="bbox 2237 1852 2491 1920">
     <span class='ocr_line' id='line_1_69' title="bbox 2237 1852 2491 1920; baseline 0 -9"><span class='ocrx_word' id='word_1_575' title='bbox 2237 1880 2254 1897; x_wconf 81' lang='lat'><em>*</em></span> <span class='ocrx_word' id='word_1_576' title='bbox 2273 1891 2313 1920; x_wconf 82' lang='lat' dir='ltr'>p.</span> <span class='ocrx_word' id='word_1_577' title='bbox 2331 1879 2438 1912; x_wconf 84' lang='lat' dir='ltr'>553a.</span> <span class='ocrx_word' id='word_1_578' title='bbox 2463 1852 2491 1890; x_wconf 15' lang='grc' dir='ltr'>’ἵ</span> 
     </span>
    </p>
   </div>
   <div class='ocr_carea' id='block_1_28' title="bbox 2414 3329 2437 3417">
    <p class='ocr_par' dir='ltr' id='par_1_34' title="bbox 2414 3329 2437 3417">
     <span class='ocr_line' id='line_1_70' title="bbox 2414 3329 2437 3417; textangle 90"><span class='ocrx_word' id='word_1_579' title='bbox 2414 3329 2437 3417; x_wconf 32' lang='lat' dir='ltr'>*S*</span> 
     </span>
    </p>
   </div>
  </div>
 </body>
</html>
