2491 3724
6 2267 23 2285 *
42 2278 82 2307 p.
99 2268 201 2299 552a.

612 182 936 226 REGINONIS
967 182 1326 227 CHRONICON.
1386 182 1439 226 A.
1465 182 1716 227 605-611.
2046 185 2098 227 31

1002 305 1330 365 605—611.
2125 323 2348 363 ‹stes—⁴335).

372 391 524 442 Anno
575 391 870 444 dominicae
919 392 1307 443 incarnationis
1354 390 1508 445 DCV.
1618 403 1932 448 Constantinus
1985 406 2101 449 filius
2126 414 2235 443 Beda.

230 463 514 507 Constantini
544 464 776 517 superioris
809 464 988 518 augusti
1019 464 1271 517 regnavit
1312 471 1476 505 annosa
1507 461 1650 505 XVII.
1717 462 1898 504 Donusb
1936 462 2101 516 papal

232 520 587 575 apostolicam
619 519 792 562 sedem
823 522 993 569 tenet3
1026 532 1123 574 quo
1154 518 1406 561 defuncto
1430 518 1610 572 Agatho
1634 532 1770 572 papa
1802 517 2100 561 ordinatur.
2126 523 2279 563 G-p-R-

371 574 684 619 Constantinus
702 579 914 629 augustus
931 573 1001 617 CL
1019 575 1240 628 episcopos
1259 575 1519 629 congregari
1544 573 1652 616 fecit
1675 574 1730 616 in
1753 574 1881 616 urbe
1906 574 2100 629 regia2‚
2126 581 2167 612 P·
2187 582 2232 612 D·
2253 581 2313 620 VI,
2337 584 2365 612 4-

229 633 346 675 inter
392 646 497 688 quos
544 633 679 674 etiam
724 631 903 673 fuerunt
947 631 1090 684 legati
1135 634 1311 673 sanctae
1353 631 1576 673 Romanae
1623 630 1830 673 ecclesiae
1877 631 2001 672 missi
2048 632 2101 673 ab

229 688 465 743 Agathone
503 701 637 742 papa,
683 687 897 730 Iohannes
945 686 1151 729 diaconus
1191 689 1235 729 et
1276 686 1492 729 Iohannes
1532 686 1817 728 Portuensisc
1864 687 2102 740 episcopus.

231 744 316 796 Qui
347 758 494 788 omnes
526 743 714 787 heresim
738 743 1106 796 dampnaverunt,
1140 756 1252 798 quae
1275 756 1408 784 unam
1433 743 1733 796 operationem
1758 745 1804 785 et
1826 743 2103 786 voluntatem

229 803 274 844 in
306 800 479 844 domino
510 800 611 842 Iesu
641 799 816 842 Christo
848 798 1140 841 asseverabat.
1201 799 1266 841 Ea
1296 799 1403 841 hora
1432 801 1586 841 tantae
1620 812 1879 841 aranearum
1910 800 2027 842 telae
2058 801 2105 842 in

229 857 372 900 medio
403 856 554 910 populi
585 855 850 905 ceciderunt,
887 858 938 898 ut
968 868 1116 898 omnes
1147 855 1434 905 mirarentur3
1475 855 1555 897 acd
1584 869 1662 909 per
1691 855 1772 898 1100
1803 856 2104 910 significatum

230 916 309 964 est,
342 912 455 968 quod
486 911 630 954 sordes
659 911 880 954 hereticae
910 911 1149 965 pravitatis
1181 911 1388 966 depulsae
1420 915 1614 955 essent.
1673 912 1732 954 Et
1764 911 1978 968 Georgius
2010 914 2105 968 qui-

230 970 328 1012 dem
364 968 620 1023 patriarcha
650 966 1327 1022 Constantinopolitanus2
1366 971 1582 1011 correctus
1622 971 1707 1017 est,
1748 970 1884 1011 ceteri
1922 982 2021 1011 vero
2060 970 2106 1012 in

228 1039 306 1068 sua
343 1024 591 1068 defensione
628 1026 957 1078 perseverantes
1000 1025 1328 1067 anathematise
1366 1028 1470 1067 sunt
1499 1025 1668 1068 ultione
1699 1025 1905 1078 percussi.
1966 1025 2105 1068 Recta

229 1084 377 1125 autem
414 1080 521 1124 fides
561 1083 605 1123 et
641 1094 744 1123 vera
781 1081 888 1124 haec
926 1084 1012 1131 est,
1049 1084 1102 1123 ut
1140 1082 1187 1123 in
1225 1080 1400 1124 domino
1438 1084 1586 1124 nostro
1624 1081 1722 1124 Iesu
1754 1080 1949 1131 Christo,
1990 1082 2104 1124 sicut

229 1138 338 1181 duae
370 1141 473 1180 sunt
502 1140 700 1188 naturae,
731 1137 812 1180 hoc
843 1140 912 1180 est
943 1137 1014 1180 dei
1046 1140 1091 1180 et
1121 1137 1324 1189 hominia
1358 1138 1418 1180 sic
1451 1139 1589 1181 etiam
1620 1137 1730 1180 duae
1756 1137 1990 1180 credantur
2014 1151 2104 1181 esse

229 1195 478 1238 voluntates
511 1194 601 1236 sive
633 1194 921 1247 operationes

370 1250 452 1292 His
489 1249 761 1304 temporibus
801 1250 904 1293 solis
943 1250 1132 1304 eclypsis
1170 1249 1290 1292 facta
1328 1251 1395 1292 est
1424 1249 1476 1292 V.
1502 1249 1614 1292 Non.
1639 1248 1744 1292 Mai.
1784 1263 1968 1303 moxque
2006 1248 2105 1291 sub·
2129 1257 2178 1287 ib·
2206 1257 2266 1296 VI,
2289 1258 2321 1288 5.

230 1309 380 1350 secuta
403 1309 470 1349 est
493 1307 756 1361 gravissima
782 1306 920 1360 pestis
943 1306 1089 1348 tribus
1113 1306 1335 1348 mensibus
1360 1306 1490 1356 Iulio,
1522 1305 1753 1360 Augustof
1774 1309 1818 1348 et
1842 1305 2106 1359 Septembri.

230 1363 350 1405 Tunc
380 1362 621 1405 visibiliter
651 1362 805 1404 multis
838 1362 1060 1415 apparuit,
1101 1362 1205 1416 quia
1233 1362 1373 1405 bonus
1405 1364 1450 1404 et
1479 1362 1622 1404 malus
1654 1362 1838 1415 angelus
1869 1364 1999 1404 noctu
2030 1376 2106 1415 per

229 1419 458 1461 civitatem
481 1420 763 1472 pergerentg,
789 1420 833 1460 et
857 1431 907 1460 ex
930 1419 1050 1460 iussu
1073 1417 1180 1460 boni
1203 1418 1353 1472 angeli
1378 1417 1521 1460 malus
1546 1418 1742 1472 angeluS‚
1776 1418 1851 1473 qui
1874 1418 2108 1461 videbatur

230 1474 496 1517 venabulum
527 1487 660 1516 manu
690 1473 815 1523 ferre,
849 1474 1051 1527 quotiesh
1083 1473 1134 1516 de
1166 1474 1382 1517 venabulo
1405 1474 1600 1517 hostium
1624 1474 1931 1529 cuiuscumque
1956 1474 2107 1517 domus

226 1530 525 1584 percussisset,
556 1532 626 1573 tot
657 1529 708 1573 de
741 1529 917 1573 eademi
955 1529 1082 1573 domo
1113 1531 1315 1585 sequenti
1346 1530 1416 1572 die
1446 1531 1645 1573 homines
1676 1531 1925 1573 interirent.

370 1587 468 1629 Per
498 1586 637 1629 idem
667 1589 875 1640 tempus
903 1586 1245 1641 Dagobertus
1275 1600 1364 1629 rex
1389 1586 1651 1629 Brunulfum
1683 1588 1947 1629 avunculum
1970 1587 2098 1630 Heri-
2122 1593 2165 1625 G.
2184 1595 2277 1634 Dag.
2296 1596 2349 1625 22.

227 1643 345 1686 berti
374 1642 527 1686 fratris
559 1643 626 1685 sui
655 1646 836 1696 propter
859 1642 1172 1685 infidelitatem
1197 1657 1321 1686 suam
1344 1644 1569 1686 interficik
1592 1644 1743 1693 iussit3
1777 1644 1852 1699 qui
1877 1644 1931 1686 ab
1956 1644 2108 1687 Amal-

229 1700 352 1754 gario
384 1702 429 1742 et
459 1698 728 1742 Arnebertol
759 1698 940 1742 ducibus
974 1702 1019 1742 et
1049 1699 1336 1743 Willibadom
1366 1700 1554 1753 patricio
1585 1700 1849 1743 interfectus
1882 1703 1961 1743 est.

369 1754 475 1799 Post
498 1755 735 1799 discessum
758 1756 934 1811 igitur
956 1756 1080 1798 beati
1103 1755 1277 1798 Arnulfi
1308 1755 1448 1798 adhuc
1477 1756 1657 1799 consilio
1680 1757 1861 1811 Pippini
1892 1757 2103 1800 maiorisn
2127 1763 2175 1796 ib.
2202 1765 2253 1794 22⁴

229 1812 381 1854 domus
412 1814 458 1855 et
487 1810 857 1855 Cunichberti0·3
895 1812 1116 1866 pontificis
1153 1813 1275 1855 urbis
1306 1811 1544 1856 Coloniaep
1582 1813 1927 1868 Dagobertus
1966 1815 2106 1862 utens,

230 1869 284 1910 ab
317 1869 424 1922 ipsis
455 1868 637 1911 fortiter
667 1868 931 1919 admonitus,
962 1868 1271 1922 prosperitatis
1304 1871 1349 1911 et
1379 1869 1582 1912 iustitiae
1614 1883 1806 1912 amorem
1845 1869 2105 1922 complexus,

228 1922 530 1967 universarum
572 1925 659 1967 sibi
701 1925 903 1981 gentium
949 1925 1231 1967 subditarum
1277 1924 1500 1968 favoribus
1547 1926 1853 1969 extollebatur.
1936 1926 2108 1968 Habuit

228 1981 368 2023 filium
412 1995 469 2024 ex
511 1981 703 2036 quadam
742 1982 892 2035 puella
933 1982 1107 2024 nomine
1148 1981 1595 2037 Regintrudaq·⁴‚
1640 1995 1789 2037 quem
1830 1982 1969 2025 frater
2015 1983 2105 2024 eius
2130 1989 2177 2020 ib.
2204 1991 2257 2021 24.

229 2037 555 2080 Heribertus
587 2037 870 2081 Aurelianisr
900 2038 1078 2081 veniens
1109 2037 1162 2080 de
1201 2052 1350 2081 sacro
1389 2038 1538 2081 fonte
1577 2039 1791 2092 suscepit
1805 2047 1833 2079 S.
1902 2039 2105 2094 Namque

230 2093 334 2136 dum
358 2093 543 2137 eundem
566 2107 750 2147 puerum
774 2094 1001 2137 Amandus
1028 2094 1253 2148 episcopus
1277 2094 1558 2137 benediceret
1582 2108 1766 2150 eumque
1791 2096 2105 2138 caticuminum

229 2149 406 2200 faceret,
449 2151 579 2193 finita
609 2151 806 2193 oratione
846 2164 956 2193 cum
995 2164 1122 2193 nemo
1161 2151 1456 2205 respondisset
1496 2151 1650 2201 Amen,
1690 2153 1865 2205 aperuit
1895 2152 2106 2194 Dominus

231 2210 299 2248 ost
328 2208 466 2261 pueri,
501 2207 578 2262 qui
608 2221 694 2250 non
725 2207 916 2261 amplius
941 2221 1073 2263 quam
1097 2207 1174 2250 XL
1199 2207 1291 2250 dies
1315 2207 1526 2257 habebat,
1558 2210 1610 2250 et
1634 2209 1800 2251 cunctis
1826 2207 2105 2251 audientibus

230 2263 457 2317 respondit
489 2263 643 2307 Amen.
703 2263 936 2307 Vocatus
968 2266 1048 2306 est
1079 2263 1218 2306 idem
1250 2263 1406 2318 *puer
1436 2263 1698 2319 Sigibertus.

374 2318 605 2373 [Arnulfus
637 2321 862 2374 episcopus
894 2322 946 2363 et
976 2320 1231 2363 Romaricus
1265 2321 1402 2364 abba
1433 2320 1572 2363 clari
1603 2321 1704 2363 hab
1718 2319 1934 2374 enturu.]
2130 2329 2213 2359 vita
2236 2329 2324 2359 Am.

371 2377 432 2419 Eo
465 2390 578 2419 anno
608 2376 750 2431 legati
787 2377 910 2432 regis
941 2377 1188 2432 Dagoberti
1220 2376 1426 2420 Servatus
1465 2381 1510 2420 et
1540 2377 1759 2420 Paternus
1793 2391 1817 2420 a
1849 2377 2107 2421 Constan-
2132 2384 2174 2417 G.
2193 2385 2284 2423 Dag—
2304 2386 2356 2415 24·

232 2432 502 2486 tinopoliv
533 2433 771 2488 regressi
801 2435 945 2484 sunt,
984 2434 1259 2489 petiitque
1298 2434 1598 2488 imperator
1628 2434 2017 2488 Dagobertum,
2056 2437 2107 2476 ut

234 2502 381 2531 omnes
410 2488 567 2531 Iudeos
606 2490 733 2543 regni
763 2490 831 2532 sui
862 2489 1098 2533 secundum
1136 2490 1268 2533 fidem
1300 2490 1566 2533 catholicam
1607 2491 1830 2544 baptizare
1861 2491 2107 2544 preciperet

233 2546 325 2586 aut
355 2543 414 2587 de
445 2558 608 2599 regno
640 2545 960 2598 expelleret,
1000 2546 1267 2602 siquidem
1306 2547 1352 2589 in
1390 2546 1582 2589 siderum
1621 2547 1760 2603 signis
1792 2551 2104 2601 cognoverat,

234 2599 348 2654 quod
380 2614 405 2642 a
436 2601 702 2643 circumcisis
733 2602 940 2656 gentibus
973 2602 1120 2645 divino
1151 2605 1262 2646 nutu
1294 2604 1385 2645 eius
1417 2604 1653 2657 imperium
1685 2606 1799 2645 esset
1828 2602 2104 2646 vastandum.

233 2656 292 2698 Et
321 2669 395 2699 rex
433 2656 610 2712 quidem
647 2657 770 2700 hocW
799 2667 1000 2701 summoX
1030 2659 1205 2713 peregit
1243 2659 1407 2710 studio,
1446 2659 1523 2701 sed
1560 2660 1880 2712 imperatori
1919 2673 2005 2702 non
2045 2658 2103 2701 de

234 2711 395 2761 Iudeis,
427 2712 502 2755 sed
535 2712 587 2755 de
618 2712 868 2756 Sarracenis
900 2715 1199 2757 circumcisis?
1229 2714 1375 2758 fuerat
1406 2715 1766 2758 demonstratum.

377 2770 503 2812 Post
538 2769 666 2812 haec
696 2770 958 2813 Heribertus
995 2772 1184 2814 moritur
1213 2772 1465 2827 relinquens
1495 2772 1638 2814 filium
1668 2771 1900 2826 parvulum
1930 2771 2107 2814 nomine
2130 2780 2179 2810 ib.
2205 2780 2257 2811 25.

234 2824 533 2878 Helpricu1n5,
559 2826 634 2881 qui
659 2826 795 2869 etiam
818 2826 980 2880 paulo
1003 2830 1125 2880 post
1147 2828 1388 2870 moritur.
1434 2828 1652 2882 Regnum,
1677 2827 1813 2883 quod
1837 2831 2103 2878 tenuerat,

235 2881 297 2924 ad
325 2882 630 2936 Dagobertum
660 2883 902 2925 transiit.
1956 2932 1959 2933 ⁷

376 2937 715 2981 Grrimaldusz
773 2953 859 2982 rex
911 2939 1385 2994 Langobardorum
1447 2953 1556 2982 cum
1616 2939 1925 2995 Dagoberto
1984 2940 2104 2994 pacis
2129 2948 2172 2978 P.
2189 2948 2236 2978 D.
2256 2947 2299 2980 v.
2322 2948 2375 2978 52.

233 2994 510 3038 firmissimae
541 2994 690 3039 foedus
721 2996 891 3039 iniita.
960 2994 1105 3047 Quod
1143 3009 1254 3039 011111
1292 2995 1553 3051 profugus
1591 2996 1874 3040 Bertarius
1915 3009 2104 3051 cogno-

234 3091 268 3130 a)
291 3094 396 3123 annis
420 3093 451 3124 A
466 3095 498 3125 2.
579 3092 617 3134 b)
641 3093 779 3124 Domus
801 3094 833 3124 Β
848 3094 882 3129 2.
965 3093 998 3134 0)
1020 3095 1210 3133 patuensis
1233 3094 1262 3125 A
1279 3095 1310 3125 2.
1389 3093 1425 3133 d)
1449 3097 1485 3125 et
1507 3094 1539 3124 Β
1555 3094 1585 3124 2.
1612 3095 1642 3125 3.
1722 3093 1757 3133 e)
1782 3094 2003 3125 anathemati
2026 3094 2056 3123 B
2073 3095 2104 3124 3.

234 3135 264 3174 f)
287 3139 323 3166 et
345 3139 499 3174 augusto
523 3137 553 3167 A
569 3138 599 3167 2.
668 3135 707 3175 g)
730 3145 884 3175 pergens
909 3136 1008 3167 codd.
1083 3136 1124 3177 h)
1147 3137 1311 3176 quotiens
1334 3136 1364 3166 A
1381 3137 1414 3167 2.
1488 3135 1514 3176 i)
1538 3136 1662 3167 eodem
1686 3137 1718 3167 B
1734 3138 1764 3167 2.
1841 3137 1881 3175 k)
1904 3135 2002 3166 infici
2025 3137 2057 3167 Β
2076 3139 2104 3166 1.

234 3179 262 3216 l)
285 3180 320 3208 et
342 3186 363 3208 a
385 3179 567 3210 heriberto
590 3178 621 3209 A
636 3179 667 3209 2.
749 3178 798 3217 m)
822 3178 997 3209 uillibado
1020 3180 1053 3210 Β
1068 3179 1098 3209 2.
1179 3179 1217 3219 11)
1242 3179 1354 3209 maior
1377 3180 1408 3209 Β
1425 3180 1457 3209 2.
1535 3178 1569 3218 o)
1593 3179 1799 3210 chuniberti
1822 3179 1852 3209 A
1868 3181 1904 3215 2;
1937 3178 2107 3210 chunich-

235 3220 328 3251 berti
352 3221 384 3251 Β
399 3222 430 3252 3.
487 3221 523 3261 p)
548 3221 744 3252 ubscolone
768 3222 800 3251 Β
816 3222 847 3252 2.
910 3220 946 3261 q)
968 3221 1189 3260 regindruda
1211 3223 1243 3252 Β
1261 3224 1296 3258 1;
1327 3220 1586 3260 regindrudam
1609 3222 1641 3251 Β
1657 3222 1689 3252 3.
1757 3221 1788 3260 r)
1812 3222 2001 3252 aurilianis
2027 3221 2057 3250 B
2075 3224 2104 3251 1.

236 3262 268 3302 s)
291 3271 397 3301 quem
420 3264 565 3294 vocavit
588 3263 809 3302 sigibertum
831 3264 863 3294 Β
879 3264 909 3303 3,
933 3265 1066 3295 omissis
1090 3265 1200 3295 verbis
1223 3264 1564 3302 frater—suscepit.
1639 3264 1668 3303 t)
1692 3263 1758 3294 hos
1783 3264 1814 3294 Β
1831 3265 1861 3294 3.
1938 3263 1974 3302 11)
1999 3263 2106 3293 habe-

233 3305 364 3335 bantur
386 3306 418 3335 B
434 3308 464 3336 1.
521 3306 559 3335 v)
583 3315 604 3336 a
627 3305 963 3344 constantinopolim
986 3307 1030 3337 Β.
1089 3305 1134 3346 w)
1156 3307 1247 3338 haec
1270 3308 1300 3338 A
1317 3307 1349 3337 2.
1402 3306 1440 3347 x)
1465 3314 1601 3337 summo
1622 3306 1692 3336 hoc
1715 3307 1747 3337 Β
1763 3306 1794 3336 2.
1850 3305 1888 3345 y)
1911 3305 2002 3337 deest
2025 3306 2056 3335 Β
2072 3306 2100 3335 2.

236 3345 272 3386 z)
295 3346 498 3378 Crimaldus
523 3349 555 3378 B
572 3351 602 3379 1.
692 3347 726 3388 a)
749 3349 816 3379 init
839 3349 871 3379 Β
888 3350 920 3379 1.
944 3349 976 3380 3.

239 3430 282 3480 1)
313 3431 576 3475 Adeodatus
606 3438 763 3476 temere
793 3433 1022 3476 omittitur.
1116 3432 1159 3484 22)
1191 3434 1272 3476 Ex
1303 3432 1453 3477 Gestis*
1477 3439 1600 3487 pont.
1627 3432 1754 3475 Rom.
1842 3433 1884 3482 3)
1917 3429 2103 3474 Chunib.

239 3485 378 3529 Gesta
401 3489 521 3541 Day.
609 3488 654 3540 4)
684 3488 1019 3543 Ragnetrudem
1045 3489 1184 3534 Gesta
1207 3491 1329 3544 Day.
1420 3490 1462 3540 5)
1495 3487 1793 3532 Chilbericum
1821 3487 1957 3530 Gesta-
1982 3488 2102 3538 Day.
