2491 3724
163 306 210 336 H.
230 305 286 336 Fr.
306 305 355 336 18.

199 418 284 449 ibid.
308 417 358 448 19.

244 530 354 561 Beda.

128 622 207 663 (518
218 641 255 645 -
269 623 355 662 527).

242 708 352 739 Beda.

242 1104 352 1135 Beda.

124 1214 224 1244 Paul.
250 1212 351 1241 Diae.

187 1256 216 1292 Ι,
239 1256 292 1286 26.

191 1340 233 1372 G.
254 1350 288 1379 p.
307 1340 349 1369 R.

155 1399 201 1429 H.
220 1397 279 1427 Fr.
299 1397 352 1427 20.

230 1511 279 1541 ib.
298 1511 352 1541 22.

121 1674 199 1716 (527
212 1692 253 1696 -
262 1675 351 1714 565).

241 1760 352 1791 Beda.

125 1881 164 1911 P.
185 1882 232 1912 D.
251 1881 276 1918 Ι,
299 1882 353 1912 25.

385 172 440 214 20
763 169 1096 213 REGINONIS
1128 167 1491 212 CHRONICON.
1552 169 1604 213 A.
1628 172 1712 215 450
1724 195 1772 200 —
1785 174 1881 216 497.

527 295 822 340 Clodoveus
840 297 1195 351 Reginarium
1218 297 1577 351 propinquum
1602 300 1763 353 atque
1784 301 2083 341 consortem
2103 300 2259 352 regni

385 354 678 397 interficit.
742 353 780 396 A
812 354 1007 396 transitu
1037 352 1180 395 sancti
1202 352 1390 395 Martini
1419 366 1556 408 usque
1588 353 1644 395 ad
1674 358 1893 397 mortem
1920 353 2126 398 Clodovei
2157 359 2260 397 sunt

386 411 490 453 anni
515 409 653 453 CXII.
715 409 910 461 Quatuor
940 409 1024 451 filii
1056 409 1147 452 eius
1173 408 1512 459 Theodoricusa‚
1545 407 1842 461 clodomerus,
1874 410 2183 454 Childebertus
2215 416 2260 454 et

385 466 668 510 Clothariusb
699 480 886 521 regnum
917 466 1094 520 patris
1126 466 1244 508 inter
1274 479 1321 508 se
1353 465 1611 509 diviserunt.

525 523 787 566 Anastasius
819 523 1116 576 imperator
1145 522 1333 565 fulmine
1363 522 1495 576 perit.

1131 601 1456 662 450—458
1477 606 1514 662 ¹.

523 692 673 742 Anno
699 691 998 743 dominicae
1022 691 1406 743 incarnationis
1437 690 1673 743 CCCCL.
1730 705 1928 748 Iustinus
1950 705 2093 748 senior
2117 719 2260 760 regn.

383 777 518 806 annos
551 763 677 806 VIII.
739 763 958 806 Iohannes
1003 777 1139 817 papa
1171 778 1196 806 a
1221 763 1494 806 Theodorico
1534 776 1658 817 rege
1691 761 1984 805 Gothorum
2014 761 2261 804 Ravennae

381 822 606 874 propter
629 820 794 863 fidem
822 820 1149 863 catholicam
1179 820 1235 862 in
1260 820 1507 863 custodia
1531 820 1779 862 mittitur
1810 818 1995 874 ibique
2019 818 2260 861 moritur.

382 883 528 926 Idem
561 883 855 938 tyrannusd
887 883 1185 926 Simmachum
1217 883 1456 937 patricium
1487 879 1812 927 interficit2.
1884 875 2154 938 Boetium‚
2205 876 2261 925 in

379 945 691 997 liberalibus
743 945 1042 1012 disciplinis
1091 946 1226 997 nulli
1278 946 1591 1009 secundum,
1645 947 1700 996 in
1751 962 2019 997 carcerem
2072 945 2259 1009 trudit,

381 1017 434 1066 in
474 1034 576 1083 quo
610 1034 730 1067 cum
763 1017 883 1082 ipsa
915 1016 1257 1082 philosophia
1293 1017 1442 1067 miris
1474 1016 1898 1082 disputationum
1931 1019 2259 1082 argumentis

381 1085 766 1154 conquiritur3.
792 1094 1046 1138 Prefatus
1066 1094 1428 1138 Theodoricus
1453 1095 1604 1137 subita
1619 1096 1761 1137 morte
1776 1095 1908 1148 perit,
1933 1093 2260 1138 Athalaricuse

378 1160 424 1201 in
455 1173 654 1214 regnum
686 1158 907 1201 succedit.

520 1215 786 1258 Benedictus
817 1218 947 1269 pater
978 1218 1023 1258 et
1053 1216 1173 1269 prius
1204 1216 1251 1258 in
1283 1216 1390 1266 loco,
1431 1215 1507 1270 qui
1539 1213 1753 1257 Sublacus
1784 1213 1974 1256 diciturf
1988 1248 1997 1265 ‚
2030 1217 2075 1257 et
2104 1218 2258 1269 postea

380 1274 425 1315 in
458 1276 599 1316 castro
631 1272 819 1316 Cassino
850 1273 931 1315 vir
962 1286 1187 1327 magnae
1219 1273 1481 1315 virtutisg
1511 1271 1767 1325 apostolicis
1805 1271 2047 1314 virtutibus
2080 1272 2260 1316 effulsit.

379 1330 503 1373 Felix
535 1332 585 1372 et
617 1330 870 1373 Bonifacius
901 1330 1187 1372 Romanam
1218 1331 1415 1384 regunt
1447 1329 1744 1372 ecclesiam.

523 1386 889 1442 Sigismundush
914 1401 987 1430 rex
1018 1386 1460 1440 Burgundionum
1492 1385 1808 1428 monasterium
1833 1387 2083 1428 sanctorum
2109 1384 2260 1441 Agau-

380 1445 581 1486 nensium
629 1444 862 1486 aedificat.
938 1443 1084 1486 Idem
1126 1443 1181 1486 *a
1218 1443 1553 1497 supradictis
1599 1442 1745 1484 filiis
1785 1440 2041 1484 Clodovei
2085 1443 2257 1485 inter-

378 1500 584 1544 ficitur.
654 1501 945 1544 Theodoricus
981 1514 1090 1543 cum
1123 1500 1222 1543 filio
1261 1499 1573 1544 Theodoberto
1612 1501 1658 1541 et
1689 1498 1862 1541 fratre
1895 1497 2139 1542 Clothario
2175 1499 2257 1541 'I'u-

379 1558 574 1612 ringiam
611 1557 996 1612 depopulatur,
1047 1556 1377 1600 Ermenfridum
1417 1557 1714 1610 Turingorum
1756 1555 1937 1598 ducem
1977 1555 2115 1609 apud
2156 1556 2257 1598 Tul-

379 1616 565 1669 piacum
600 1616 894 1670 extinguit.
1121 1651 1238 1712 459
1336 1652 1493 1712 4974

523 1743 674 1793 Anno
714 1741 1014 1792 dominicae
1054 1741 1441 1792 incarnationis
1482 1738 1907 1792 CCCCLVIIII.i
1968 1753 2259 1804 Iustinianus‚

379 1814 543 1856 Iustini
574 1828 624 1856 ex
654 1827 799 1856 sorore
830 1827 978 1867 nepos,
1010 1813 1267 1867 regnavit
1298 1827 1433 1856 annos
1464 1811 1752 1854 XXXVHIk.

522 1870 606 1913 Hic
637 1884 715 1924 per
746 1870 1005 1912 Bilisarium
1044 1870 1284 1923 patricium
1316 1870 1474 1912 Persas
1505 1869 1682 1911 fortiter
1720 1866 1884 1909 devicit
1921 1879 2086 1921 perque
2116 1866 2261 1920 ipsum

378 1928 638 1971 Bilisarium
678 1926 996 1970 Wandalorum
1036 1930 1218 1981 gentem
1257 1929 1386 1980 capto
1425 1939 1571 1969 eorum
1611 1938 1717 1980 rege
1748 1923 1994 1967 Gelismero
2029 1936 2167 1979 usque
2206 1923 2262 1966 ad

378 1985 724 2028 internetionem
764 1984 932 2026 delevit
969 1982 1253 2039 Africamque
1292 1986 1435 2027 totam
1474 1985 1574 2036 post
1613 1995 1749 2024 annos
1781 1979 1856 2024 XC
1896 1984 1937 2024 et
1967 1980 2032 2022 VI
2062 1980 2261 2023 Romano

378 2043 563 2096 imperio
589 2042 801 2084 restituit.
855 2041 1133 2096 Rursumque
1156 2041 1359 2083 Bilisarii
1382 2040 1550 2082 viribus
1574 2037 1822 2082 Gothorum
1845 2038 1892 2080 in
1914 2037 2055 2079 Italia
2079 2039 2261 2091 gentem

379 2101 507 2153 capto
524 2098 730 2141 Withisil
762 2112 911 2141 eorum
935 2111 1040 2153 rege
1065 2098 1303 2152 superavit.
1358 2098 1533 2140 Mauros
1558 2109 1728 2152 quoque
1761 2097 1861 2149 post
1883 2094 2036 2136 haecm
2060 2093 2261 2136 Africam

378 2155 641 2199 infestantes
673 2169 909 2211 eorumque
939 2168 1092 2209 regem
1124 2152 1430 2197 Athalamn-⁵
1459 2167 1538 2208 per
1568 2153 1813 2196 Iohannem
1844 2148 2098 2194 consulem6
2126 2151 2261 2194 mira-

378 2213 461 2255 bili
497 2213 664 2255 virtute
695 2212 919 2266 protrivit.
987 2212 1128 2265 Leges
1164 2225 1336 2266 quoque
1370 2211 1605 2260 Romanas,
1649 2222 1834 2264 quarum
1869 2207 2101 2261 prolixitas
2139 2221 2261 2263 gra-

378 2269 476 2312 vab
489 2272 562 2320 at,
603 2269 905 2312 minoravit
944 2270 996 2311 et
1034 2268 1218 2311 inutiles
1249 2267 1546 2311 dissonantias
1577 2265 1777 2309 mirabili
1809 2265 2028 2307 brevitate
2060 2264 2260 2307 correxit.

379 2326 587 2369 Extruxit
612 2339 783 2381 quoque
807 2325 1270 2379 Constantinopolim
1293 2325 1529 2378 templum,
1555 2322 1671 2379 quod
1695 2335 1824 2377 greco
1847 2321 2059 2364 vocabulo
2083 2321 2262 2376 Agian0

379 2383 590 2437 Sophiam
621 2383 869 2426 nominavit
879 2399 889 2433 ;
922 2382 1042 2424 cuius
1075 2395 1182 2436 opus
1215 2381 1354 2424 adeoP
1379 2383 1538 2424 cuncta
1562 2379 1762 2423 aedificia
1787 2379 1977 2428 excellit,
2009 2380 2061 2421 ut
2082 2379 2129 2421 in
2152 2379 2261 2421 totis

379 2444 598 2483 terrarum
623 2440 783 2494 spaciis
808 2439 910 2482 huic
934 2439 1081 2481 simile
1104 2453 1193 2482 non
1215 2439 1355 2492 possit
1378 2437 1581 2480 inveniri.
1628 2437 1771 2478 Huius
1795 2435 2068 2490 temporibus
2092 2434 2261 2478 Cassio-

380 2497 508 2541 dorus
550 2497 698 2540 Roma
740 2499 835 2539 tam
877 2495 1065 2539 seculari
1108 2509 1241 2551 quam
1281 2495 1431 2537 divina
1469 2494 1656 2537 scientia
1694 2493 1867 2535 claruit.
1940 2492 2025 2535 Hic
2054 2492 2262 2546 primitus

380 2554 543 2603 consul,
591 2553 749 2597 deinde
796 2555 991 2603 senator,
1039 2552 1096 2595 ad
1142 2555 1400 2595 extremum
1448 2551 1687 2594 monachus
1736 2549 1999 2592 efficitur.
2081 2548 2262 2592 Romae

381 2611 606 2654 Dionisius
647 2610 763 2654 abba
801 2610 1045 2664 paschales
1085 2610 1285 2652 scribit
1317 2609 1596 2651 circulosq.
1667 2606 1801 2660 Apud
1831 2605 2262 2660 Constantinopolim

381 2668 634 2711 Priscianus
681 2666 979 2711 Caesariensis
1027 2667 1349 2722 grammaticae
1397 2666 1527 2715 artis,
1583 2666 1634 2706 ut
1679 2664 1746 2706 ita
1792 2663 1999 2714 dixerim,
2045 2661 2263 2716 profunda

381 2726 568 2768 rimatus
601 2727 680 2773 est,
705 2727 889 2780 tumque
913 2724 1055 2766 nihilo
1087 2724 1233 2766 minus
1248 2732 1264 2753 Γ
1288 2722 1452 2765 Arator
1475 2722 1700 2765 Romanae
1724 2721 1933 2763 ecclesiae
1957 2719 2261 2769 subdiaconus,

379 2785 511 2836 poeta
543 2781 778 2832 mirabiliS,
812 2781 1111 2835 apostolorum
1143 2784 1265 2823 actus
1298 2779 1495 2822 versibus
1530 2778 1765 2821 exametris
1797 2776 2031 2820 decoravit.

526 2839 697 2881 Huius
730 2838 1069 2892 temporibus
1100 2838 1387 2880 Romanam
1419 2837 1676 2878 rexerunt
1713 2834 1999 2877 ecclesiam
2030 2832 2261 2882 Iohannes,

380 2895 617 2950 AgapituS‚
642 2895 853 2939 Silverius
869 2904 885 2925 S
910 2897 963 2938 et
986 2894 1196 2949 Vigilius,
1251 2893 1462 2936 Silverius
1488 2907 1513 2935 a
1537 2891 1755 2935 Bilisario
1780 2891 1928 2933 iussu
1952 2888 2262 2932 Theodorae

382 2952 660 3008 Augustae
704 2953 750 2995 in
795 2952 976 2995 exilium
1018 2952 1275 3000 mittitur,
1320 2953 1372 2993 et
1415 2950 1496 2992 ibi
1534 2948 1756 2992 moritur.
1828 2947 2025 3002 Vigilius
2057 2959 2263 3002 quoque

383 3023 457 3059 eo,
498 3007 635 3064 quod
673 3009 848 3052 nollet
885 3011 1162 3052 revocaret
1206 3006 1496 3050 Anthemum
1535 3006 1842 3060 episcopum
1874 3003 2263 3047 Constantino-

381 3091 415 3131 a)
446 3092 587 3123 theode-
612 3092 641 3123 A
657 3095 676 3124 2
699 3101 847 3132 semper.
969 3092 1009 3130 b)
1040 3092 1221 3122 lotharius
1244 3090 1274 3121 A
1291 3091 1321 3121 2.
1436 3089 1469 3129 c)
1501 3097 1699 3120 ravennam
1724 3089 1755 3118 B
1771 3089 1802 3118 2.
1914 3087 1952 3127 d)
1981 3090 2050 3127 tyr.
2075 3094 2162 3117 vero
2185 3086 2263 3118 Β2.

382 3134 416 3175 e)
449 3135 658 3166 Athlaricus
681 3135 713 3165 A
731 3136 762 3165 2.
853 3134 882 3175 f)
912 3137 948 3165 et
969 3136 1007 3165 in
1031 3135 1121 3173 loco,
1145 3143 1179 3173 q.
1199 3134 1236 3165 S.
1255 3133 1303 3171 d.,
1333 3133 1434 3170 prius
1459 3132 1489 3162 A
1508 3133 1540 3162 2.
1637 3130 1674 3171 g)
1707 3131 1908 3161 sanctitatis
1932 3131 1964 3160 B
1981 3131 2012 3160 3.
2101 3129 2141 3166 h)
2173 3127 2264 3167 Sigi-

382 3177 537 3208 mundus
562 3178 593 3208 B
610 3179 640 3208 3.
696 3177 724 3218 i)
746 3186 912 3208 numerus
935 3186 1055 3206 erasus
1079 3175 1108 3206 A
1128 3178 1158 3207 2.
1213 3176 1251 3211 k)
1279 3174 1505 3206 CXXXVIII
1529 3173 1559 3203 A
1576 3174 1606 3204 2.
1663 3172 1690 3213 l)
1713 3173 1867 3211 quithisi
1890 3172 1921 3202 A
1937 3173 1971 3202 2.
2017 3169 2067 3211 m)
2089 3171 2158 3201 hoc
2181 3171 2214 3201 B
2229 3172 2259 3202 3.

383 3221 420 3260 n)
451 3220 601 3251 athilam
625 3219 656 3249 A
672 3220 703 3250 2.
808 3217 842 3258 o)
875 3219 1018 3256 Agyam
1041 3218 1072 3248 A
1089 3219 1121 3250 2.
1224 3222 1260 3257 p)
1291 3218 1380 3248 deest
1402 3216 1434 3247 A
1451 3217 1482 3247 2.
1586 3214 1623 3255 q)
1660 3215 1743 3246 circ.
1769 3215 1896 3246 scribit
1925 3213 1956 3244 A
1972 3214 2003 3244 2.
2107 3213 2140 3254 r)
2169 3213 2262 3244 nihil

382 3264 551 3294 hominus
576 3263 607 3292 B
623 3263 655 3293 3.
748 3260 780 3300 s)
806 3262 999 3293 silvericus
1024 3262 1056 3291 B
1073 3262 1103 3291 2.
1195 3260 1223 3301 t)
1247 3260 1340 3299 quod
1364 3260 1553 3290 revocaret
1574 3257 1605 3287 A
1623 3258 1654 3289 2.

384 3334 424 3386 1)
458 3330 853 3385 458245o†8;
887 3332 944 3382 cf.
971 3331 1124 3374 (1.263.
1214 3330 1257 3382 2)
1292 3330 1417 3381 Conf.
1443 3329 1530 3371 Ad.
1565 3329 1616 3371 V.
1640 3327 1751 3371 Kal.
1776 3329 1881 3370 Iun.
1970 3326 2013 3378 3)
2044 3327 2263 3370 Fortasse

382 3392 487 3444 ipsa
518 3389 831 3433 Consolatione
855 3389 1174 3443 philosophiae
1207 3388 1382 3442 Reyz'no
1412 3399 1525 3430 usus
1555 3390 1630 3428 est.
1729 3384 1773 3437 4)
1812 3384 1897 3427 497
1921 3399 1977 3418 =
1999 3384 2082 3428 459
2108 3382 2164 3437 -1-
2186 3384 2262 3432 38;

383 3447 439 3500 cf.
473 3461 515 3490 a.
539 3448 636 3491 ⁶263.
760 3446 803 3497 5)
852 3444 1066 3487 Amtalan
1105 3445 1285 3487 Paulus
1324 3441 1604 3495 (Amthalam
1644 3441 1770 3484 codd.
1803 3441 1845 3485 G
1869 3442 1908 3485 3.
1940 3439 1997 3492 4).
2126 3441 2169 3493 6)
2213 3452 2264 3482 ex

384 3503 556 3546 consule
595 3504 774 3546 Paulus
813 3501 1050 3555 (consulem
1089 3500 1131 3544 G
1154 3502 1192 3545 3.
1224 3501 1284 3553 4).

2284 1437 2301 1453 *
2320 1448 2360 1477 p.
2379 1437 2484 1469 548a.
