2491 3724
469 148 575 192 XVI
1047 141 1375 188 REGINONIS
1407 139 1768 185 CHRONICON.

468 275 691 343 Neqleaei
713 292 903 343 quoque
927 272 1146 323 minima
1172 270 1441 339 quaedam,
1473 277 1527 318 ut
1552 269 1786 320 lectiones
1809 270 1942 320 inter
1966 285 1994 319 e
2017 277 2063 320 et
2086 285 2165 331 ae,
2201 268 2219 318 i
2243 275 2288 318 et
2311 284 2343 333 y

470 360 715 428 (eaeceptis
738 357 1028 410 nominibus
1049 355 1329 424 propriis),
1370 354 1417 405 oi
1447 362 1493 405 et
1522 354 1579 418 ti,
1621 352 1713 404 ob-
1745 362 1791 404 et
1815 369 1922 419 op-,
1961 352 2104 420 apud
2129 361 2175 404 et
2198 356 2343 419 aput,

471 443 691 512 aliquod
714 451 758 494 et
783 442 1002 508 aliquot,
1041 439 1230 508 inquid
1254 448 1300 491 et
1329 439 1518 505 inquit,
1559 454 1646 489 ex·
1677 446 1722 488 et
1753 454 1884 502 exs-‚
1924 428 2072 488 adm·
2094 447 2140 489 et
2163 454 2343 499 amm-‚

471 530 577 581 inr-
602 537 647 580 et
670 528 784 591 irr-‚
817 527 1017 578 similia
1041 527 1331 577 variantes:
1363 525 1422 575 id
1446 525 1502 575 in
1526 532 1714 574 temtum
1737 523 1922 591 recepi,
1960 523 2094 591 quod
2115 523 2347 591 plurium

420 632 423 633 ’
469 622 558 664 aut
605 613 873 664 meliorum
923 611 1149 662 codicum
1201 611 1503 661 auctoritate
1553 608 2030 673 commendabatur,·
2083 626 2164 671 ea,
2219 625 2345 675 quae

470 717 571 750 non
610 698 802 765 recepi,
842 696 1048 747 omnino
1086 696 1260 759 omisi,
1306 696 1410 747 nisi
1447 694 1584 746 idem
1621 694 1678 744 in
1716 693 1881 744 tribus
1918 691 2175 744 codicibus
2211 709 2348 759 repe-

469 783 711 834 riebatur.
790 781 987 832 Littera
1038 798 1065 850 e
1102 799 1223 831 usus
1261 799 1395 844 sum,
1444 779 1533 830 ubi
1570 780 1626 829 in
1664 778 1923 830 codicibus
1962 793 2046 843 ae,
2095 793 2146 845 e,
2187 792 2238 839 e,
2286 791 2348 826 oe

468 868 601 918 inter
648 884 698 917 se
747 873 954 916 certant.
1034 864 1242 933 Semper
1293 865 1483 933 scripsi
1531 881 1625 931 pre
1674 872 1719 915 et
1764 862 2052 930 presbiter,
2101 861 2195 912 etsi
2244 860 2348 929 ple-

469 969 676 1019 rumque
725 957 759 1018 Ϊ)
792 959 837 1001 et
884 950 984 1016 pbr
1035 950 1293 1017 lequntur,
1341 968 1467 1001 raro
1516 952 1671 1000 etiam
1718 966 1814 1018 pre
1863 957 1908 999 et
1954 946 2234 1015 presbyter
2270 947 2347 997 in-

469 1036 767 1099 veniuntur;
826 1037 946 1086 item
998 1052 1193 1102 semper
1245 1033 1466 1084 sinodus
1519 1043 1564 1085 et
1615 1033 1914 1096 Dionisius,
1967 1033 2061 1084 etsi
2112 1031 2351 1084 nonnulli

472 1121 665 1172 codices
703 1119 976 1187 aliquoties
1016 1116 1246 1185 synodus
1295 1126 1340 1169 et
1379 1117 1652 1186 dyonisius
1700 1117 1849 1186 (sicl)
1897 1117 2143 1168 exhibent.
2226 1116 2350 1169 Cum

470 1207 599 1270 ecia,
641 1205 801 1270 eooia,
843 1205 973 1274 ecia,
1014 1204 1178 1274 eeoia,
1220 1204 1385 1269 aeciam,
1427 1203 1608 1255 aeooia
1643 1203 1931 1271 promiscue
1967 1202 2076 1253 sine
2113 1201 2225 1252 ulla
2266 1221 2350 1252 ra-

472 1292 606 1342 tione
645 1299 942 1355 occurrant,
990 1289 1222 1340 omnibus
1267 1289 1347 1339 his
1385 1289 1622 1357 neqlectis
1657 1288 1895 1356 formam
1941 1287 2230 1355 reqularem
2269 1302 2353 1338 eo-

477 1377 639 1428 elesia
685 1376 962 1444 usurpavi,
1012 1394 1320 1443 quamquam.
1369 1393 1430 1426 ea
1478 1375 1596 1442 ipsa
1643 1373 1923 1424 rarissima
1969 1380 2053 1423 est.
2131 1371 2355 1440 Neqleoei

472 1480 664 1530 quoque
694 1462 750 1511 in
781 1479 893 1512 voce
923 1460 1256 1510 Brittanniae
1288 1459 1507 1510 alterum
1539 1464 1562 1509 t
1591 1467 1679 1509 aut
1709 1475 1743 1508 n
1774 1458 1977 1525 saepius
2007 1456 2354 1508 desideratum

473 1566 573 1598 non
609 1547 778 1597 minus
809 1565 961 1614 quam
993 1545 1211 1596 alterum
1247 1563 1281 1611 p
1320 1546 1376 1595 in
1408 1544 1698 1595 nominibus
1723 1543 1947 1612 Pippini
1977 1551 2022 1594 et
2047 1540 2350 1610 Philippici.

623 1639 807 1689 Tantus
839 1638 1021 1688 amissi
1052 1637 1242 1688 codicis
1265 1637 1317 1686 B
1354 1656 1416 1688 ex
1445 1636 1827 1705 eoeemplaribus
1863 1636 1971 1686 eius
1997 1633 2169 1702 facile
2208 1633 2354 1684 resti-

473 1725 656 1787 tuitur,
706 1741 805 1774 non
843 1724 963 1774 item
1001 1723 1192 1773 codicis
1231 1722 1305 1787 A,
1355 1741 1463 1773 cum
1505 1722 1670 1773 codici
1708 1721 1757 1772 A
1786 1723 1811 1772 1
1851 1739 1952 1771 non
1997 1737 2194 1788 semper
2216 1718 2354 1785 fides

474 1808 707 1859 habenda
739 1809 820 1871 sit,
853 1808 900 1857 A
928 1809 958 1857 2
998 1808 1104 1857 iam
1141 1826 1188 1857 a.
1217 1807 1336 1859 867.
1377 1807 1670 1871 claudatur,
1703 1807 1751 1856 A
1776 1807 1808 1858 3
1842 1805 2152 1873 (Annalista
2184 1802 2355 1869 Samo)

473 1893 701 1944 chronici
731 1892 882 1944 uerba
917 1892 1217 1960 plerumque
1248 1901 1485 1959 eoccerpta
1523 1893 1692 1960 potius
1724 1910 1881 1960 quam
1912 1891 2172 1958 descripta
2200 1906 2354 1957 prae-

472 1978 598 2031 beat.
685 1977 788 2027 Ubi
828 1977 875 2027 A
912 1986 957 2028 et
994 1977 1045 2026 B
1083 1978 1217 2028 inter
1255 1996 1303 2028 se
1341 1978 1653 2046 discrepant,
1695 1977 1751 2026 in
1785 1977 1962 2044 priore
1995 1983 2148 2044 parte
2187 1973 2356 2042 operis

475 2081 634 2114 causa
693 2063 992 2130 saepissime
1052 2063 1343 2113 decernitur
1402 2063 1707 2113 auctoritate
1756 2062 1990 2129 fontium
2050 2059 2354 2130 Reqinonis,

475 2148 662 2216 quippe
708 2166 829 2215 quos
874 2147 963 2198 ille
1002 2147 1073 2197 ad
1110 2147 1316 2198 verbum
1353 2146 1631 2198 describere
1669 2146 1848 2198 solitus
1885 2147 1966 2197 sit.
2055 2144 2170 2204 Qua
2207 2147 2261 2195 in.
2300 2162 2355 2194 re

475 2232 785 2300 perspicitur
823 2232 1040 2283 codicem
1074 2232 1124 2281 B
1160 2231 1454 2300 plerumque
1490 2232 1709 2300 propius
1746 2231 1817 2282 ad
1853 2232 2130 2300 9enuinmn
2167 2238 2357 2281 teoctum

476 2318 728 2381 accedere,
767 2317 853 2368 sed
891 2316 1148 2368 interdum
1190 2316 1387 2367 mendis
1426 2325 1732 2384 corruptum?
1759 2335 1883 2381 esse,
1934 2315 2151 2366 alterius
2189 2321 2355 2364 autem

476 2402 772 2467 librarium,
810 2403 847 2453 i.
873 2420 911 2456 e.
952 2410 1206 2453 auctorem
1245 2402 1661 2466 continuationis,
1699 2401 1906 2469 saepius
1943 2419 1967 2451 e
2003 2399 2226 2450 consulto
2259 2400 2356 2449 Re-

475 2488 681 2556 qinonis
718 2487 869 2538 verba
906 2496 1126 2538 mutasse
1164 2488 1265 2538 siue
1304 2488 1599 2539 correoeisse.

631 2580 785 2630 Uncis
837 2579 1114 2648 quadratis
1166 2588 1210 2630 et
1263 2580 1320 2629 in
1373 2579 1610 2629 chronico
1663 2588 1707 2629 et
1760 2579 1816 2628 in
1867 2577 2245 2629 continuatione
2296 2595 2358 2627 ea

477 2665 630 2715 verba
678 2664 890 2729 inclusi,
940 2683 1068 2733 quae
1117 2665 1173 2715 in
1227 2665 1454 2715 auctoris
1503 2663 1792 2732 exemplari
1843 2663 2077 2733 marqini
2122 2662 2360 2713 videntur

479 2750 748 2818 adscripta
792 2749 989 2818 fuisse,
1039 2750 1293 2819 siquidem
1344 2750 1401 2799 in
1450 2749 1706 2800 codicibus
1753 2767 1855 2800 non
1902 2749 2073 2800 eodem
2122 2747 2229 2798 loco
2273 2764 2358 2797 ea:-

479 2835 731 2899 hibentur,
768 2843 825 2885 ut
858 2855 910 2903 p.
939 2836 1029 2886 22:
1070 2834 1294 2886 Albinus
1336 2834 1616 2901 episcopus
1647 2833 1948 2900 Andegavis
1988 2831 2166 2883 clarus
2196 2829 2358 2882 habe—

478 2924 568 2970 tur
616 2928 660 2970 et
710 2939 757 2970 a.
795 2921 924 2972 955:
990 2918 1267 2971 Conradus
1317 2918 1588 2986 quondam
1637 2918 1746 2970 dux
1793 2917 1869 2969 ibi
1920 2915 2196 2969 occiditur.
2273 2916 2359 2966 Ita

482 3005 635 3054 etiam
679 3024 733 3072 p.
771 3005 835 3057 31
891 3005 1045 3056 verba
1098 3004 1357 3055 Arnulfus
1412 3004 1690 3071 episcopus
1744 3006 1797 3053 et
1847 3001 2162 3052 Romarious
2217 2999 2360 3052 abba

483 3089 614 3139 olari
652 3088 919 3140 habentur
957 3090 1162 3154 inclusi,
1201 3108 1514 3157 quamquam
1553 3087 1749 3137 codices
1786 3087 1874 3137 hoc
1913 3086 2022 3136 loco
2059 3094 2359 3154 conqruunt,

479 3182 752 3240 propterea
791 3174 924 3241 quod
960 3193 1095 3225 mors
1135 3174 1342 3240 Arnulfi
1377 3173 1536 3240 paulo
1574 3180 1727 3222 antea
1766 3179 2155 3221 commemorata
2194 3178 2277 3221 est.

624 3265 859 3334 Paqinas
883 3266 1123 3316 editionis
1147 3264 1457 3316 Pertzianae
1489 3264 1542 3313 in
1571 3263 1805 3330 marqine
1830 3262 2071 3313 interiore
2095 3262 2359 3315 adnotavi.

626 3357 834 3420 Restat,
883 3365 939 3406 ut
988 3358 1060 3407 eis
1096 3357 1301 3425 qratias
1350 3374 1530 3424 aqam,
1581 3373 1795 3422 quorum
1833 3372 1991 3422 opera
2028 3354 2085 3404 in
2122 3354 2217 3404 hac
2255 3353 2360 3404 edi-

485 3441 617 3492 tione
656 3440 867 3491 adiutus
904 3459 1040 3491 sum:
1080 3442 1304 3492 omnium
1337 3442 1512 3509 primo
1562 3440 1614 3493 V.
1652 3441 1681 3489 I
1688 3439 1740 3493 ll.
1777 3439 1837 3493 Ε,
1865 3439 2155 3504 Du‘mmler,
2191 3438 2361 3507 operis
