2491 3724
340 133 394 175 28
719 130 1051 175 REGINONIS
1085 130 1446 174 CHRONICON.
1506 132 1558 176 A.
1584 135 1833 178 546—574.

338 257 652 301 Brunichildis
696 261 919 313 propter
965 257 1137 300 multa
1182 258 1491 310 maleficia²²‚
1539 273 1650 315 quae
1688 262 2016 315 perpetrarat,
2065 261 2215 303 iussu

338 313 643 358 Clothariib
674 329 883 371 equorum
913 313 1229 357 indomitorum
1261 313 1472 357 caudisl
1503 316 1712 372 religata
1743 316 2088 372 discerpitur.

83 384 316 425 P.D.1111‚41.
482 378 738 434 AgilulfusC
768 392 841 421 rex
871 377 1348 432 Langobardorum
1379 380 1609 422 moritur
1640 382 1692 423 et
1718 372 2050 425 Rodoaldus²
2073 371 2215 424 filius

340 441 454 493 eius
493 443 547 492 in
585 458 805 507 regnum
845 440 1132 491 stabilitur.

82 566 209 606 (610—
222 570 311 608 641).
1122 550 1240 610 546
1256 585 1319 591 -
1335 551 1460 611 571.

199 654 310 686 Beda.
479 639 631 690 Anno
655 637 954 689 dominicae
977 638 1361 691 incarnationis
1386 639 1621 691 DXLVI.
1668 653 1933 696 Heracliusd
1964 654 2218 708 regnavit

220 717 311 750 Ado.
339 724 472 753 annos
511 710 673 753 XXVI.
742 708 840 761 Qui
878 709 1084 753 adversus
1122 711 1280 754 Persas
1317 710 1487 754 bellum
1526 711 1758 766 adgressus
1797 711 1936 754 occiso
1970 709 2218 753 chosdroee

339 780 514 810 eorum
552 780 676 821 rege
706 766 861 809 Persas
899 767 945 809 in
983 766 1254 810 deditionem
1294 768 1491 822 accepitf
1527 770 1579 811 et
1612 769 1783 823 lignum
1825 770 2045 810 sanctae
2077 767 2217 809 crucis

337 823 684 872 ierosolimam&
722 823 836 865 unde
867 824 1094 866 sublatum
1125 824 1283 875 fuerat,
1323 839 1421 868 cum
1451 839 1617 880 magna
1648 825 1929 868 veneratione
1968 822 2216 866 restituit3.

152 886 195 918 G.
214 897 249 927 p.
267 889 309 919 R.
480 879 730 922 Bonifacius
754 880 983 922 tertius4
1009 883 1061 923 et
1080 881 1314 932 Honorius
1333 882 1599 925 Severinush
1620 885 1672 925 et
1689 882 1907 925 Iohannes
1927 881 2216 924 Romanam

337 939 534 990 regunt
572 937 869 979 ecclesiam.

198 1000 311 1032 Beda.
481 992 679 1035 Heduini
724 1006 798 1035 rex
842 993 1090 1047 Anglorum
1128 993 1384 1047 predicante
1423 995 1612 1037 Paulino
1651 995 1854 1048 episcopo
1905 994 1966 1037 ad
2013 993 2217 1037 Christi

337 1048 536 1091 fidemk
567 1063 665 1092 cum
696 1063 774 1091 sua
805 1052 938 1104 gente
971 1051 1321 1093 convertitur.
1389 1051 1608 1093 Honorius
1638 1065 1754 1105 papa
1792 1051 2027 1094 Scottosl
2065 1052 2112 1094 in
2143 1051 2218 1094 ob-

338 1106 585 1149 servatione
630 1106 819 1160 paschae
866 1109 1110 1149 errantes
1162 1120 1241 1160 per
1286 1107 1520 1161 epistolam
1572 1107 1816 1162 redarguit,
1863 1108 2129 1150 similiter
2174 1110 2220 1150 et

339 1162 557 1206 Iohannes
588 1176 820 1206 successor
850 1161 1055 1206 Severini
1086 1162 1237 1206 facit.

80 1226 315 1265 P.D.V1‚16.
483 1219 582 1262 Per
612 1220 743 1263 idem
776 1222 985 1274 tempus
1009 1219 1097 1262 fuit
1120 1220 1261 1264 maior
1284 1219 1436 1263 domus
1461 1220 1506 1262 in
1531 1220 1701 1274 palatio
1732 1219 2048 1264 Clothariim
2073 1220 2220 1275 regis

337 1276 563 1326 Arnulfus,
588 1277 667 1326 vir,
694 1279 744 1320 ut
766 1277 1046 1331 postmodum
1071 1277 1246 1327 claruit,
1277 1278 1369 1321 Deo
1394 1277 1615 1327 amabilis,
1642 1278 1718 1333 qui
1741 1280 1841 1332 post
1871 1277 2062 1331 gloriam
2086 1277 2222 1320 seculi

107 1339 151 1372 G.
168 1340 261 1380 Dag.
281 1344 313 1373 2.
344 1332 513 1375 Christi
544 1347 587 1376 se
619 1334 800 1376 servitio
831 1334 1021 1377 subdens
1054 1334 1275 1377 mirabilis
1301 1335 1349 1377 in
1373 1335 1629 1389 episcopatu
1654 1335 1819 1377 extitit.
1884 1335 2017 1377 Huic
2047 1334 2222 1388 Dago-

335 1389 521 1432 bertus
560 1390 717 1433 filius
757 1389 1076 1434 Clothariim
1114 1391 1162 1433 in
1194 1391 1319 1434 annis
1358 1391 1603 1445 puerilibus
1648 1391 1818 1446 positus
1857 1391 2051 1434 traditus
2091 1394 2159 1434 est
2197 1405 2223 1433 a

338 1447 551 1501 genitore,
583 1449 665 1490 utn
698 1461 795 1490 eum
833 1447 1072 1490 secundum
1110 1462 1233 1491 suam
1266 1449 1535 1502 sapientiam
1573 1449 1792 1491 enutriret
1831 1449 1958 1503 eique
1988 1448 2221 1491 tramitem

210 1511 257 1542 ib.
283 1512 313 1544 6.
338 1503 607 1547 christianae
646 1504 876 1558 religionis
916 1504 1212 1548 ostenderetn.
1290 1505 1388 1557 Hic,
1429 1508 1665 1560 postquam
1709 1504 1765 1547 ad
1806 1505 1981 1547 virilem
2025 1507 2220 1548 aetatem

336 1562 555 1614 pervenit,
600 1561 970 1617 Sandragisilum
1009 1561 1177 1605 ducem
1209 1562 1512 1618 Aquitaniae0
1553 1565 1605 1605 et
1642 1575 1922 1616 percarum
1964 1561 2220 1604 consilia-

336 1617 469 1659 rium
502 1619 700 1672 patris,
741 1632 796 1661 eo
829 1618 964 1674 quod
996 1632 1047 1661 se
1080 1618 1307 1674 quadam
1348 1620 1631 1662 contumatia
1663 1618 1995 1672 despiceret.
2035 1617 2222 1660 verbe-

209 1681 258 1713 ib.
284 1682 313 1713 7.
340 1674 489 1716 ribus
537 1675 708 1717 affecit
755 1678 806 1718 et
850 1675 1015 1718 barbae
1054 1676 1226 1718 rasione
1266 1675 1556 1730 deturpavit.
1626 1674 1771 1727 Quod
1805 1688 1916 1717 cum
1953 1677 2111 1729 pater
2141 1688 2222 1717 co-

336 1733 636 1785 gnovisset,
691 1745 806 1774 eum
854 1732 916 1775 ad
962 1732 1236 1786 supplicia
1281 1733 1532 1788 requirit.
1608 1732 1717 1775 Ille
1763 1732 1997 1775 furorem
2041 1731 2220 1785 patris

336 1788 532 1830 timens
574 1789 627 1830 in
666 1788 986 1831 basilicamp
1028 1791 1335 1832 sanctorum
1379 1789 1651 1832 Dionisiiq
1694 1791 1746 1832 et
1794 1789 2061 1832 sociorum
2105 1788 2220 1830 eius

136 1852 185 1883 ib.
210 1852 307 1883 8-10.
336 1844 586 1899 confugit
617 1858 901 1901 eorumque
932 1846 1168 1889 tutelam
1201 1847 1423 1900 supplex
1456 1846 1712 1900 exposcit.
1770 1845 1998 1897 Quorum
2022 1844 2220 1887 suffra-

337 1902 597 1956 gantibus
629 1903 844 1945 meritis
884 1917 909 1945 a
941 1903 1089 1945 nullo
1120 1903 1305 1956 potuit
1342 1903 1466 1945 inde
1505 1903 1740 1952 extrahi,
1782 1916 2053 1958 quousque
2086 1915 2221 1945 com-

190 1965 311 1995 ib.11·
338 1958 555 2001 missum
588 1958 799 2001 facinus
829 1963 987 2013 pater
1018 1959 1351 2014 indulgeret.
1419 1959 1566 2003 Unde
1598 1963 1651 2002 et
1681 1960 1839 2002 illum
1877 1959 2220 2013 potissimum

334 2028 411 2068 pre
445 2016 632 2058 ceterisr
663 2015 861 2059 dilexit
893 2017 1083 2065 locum,
1123 2017 1245 2059 ubiS
1277 2016 1614 2071 postmodum
1652 2017 1906 2071 ingentia
1937 2015 2072 2059 dona
2096 2021 2221 2058 'con-

188 2079 237 2109 ib.
257 2080 307 2109 14.
335 2072 446 2114 tulit
477 2075 521 2115 et
553 2086 785 2115 numerosa
815 2073 969 2127 predia
1001 2073 1137 2116 dedit.
1205 2073 1334 2117 Post
1365 2075 1492 2117 haec
1523 2074 1867 2129 Dagobertus
1899 2086 1997 2115 cum
2028 2073 2219 2126 Pippino

81 2136 124 2167 V.
142 2134 232 2166 Arn.
259 2136 309 2167 17.
337 2128 444 2171 duce
467 2129 514 2172 in
538 2128 722 2172 Austria
744 2133 1008 2182 regnaturus
1033 2145 1058 2173 a
1081 2133 1208 2184 patre
1233 2131 1446 2186 dirigitur
1471 2133 1516 2173 et
1538 2131 1682 2174 sancti
1712 2129 1932 2172 Arnulfi
1958 2129 2217 2172 Metensis

338 2185 578 2240 episcopi
610 2187 884 2229 consiliist
922 2187 1340 2230 commendatur.

79 2255 311 2295 P.D.1111‚42.
480 2242 779 2293 R0d031d05
818 2258 1294 2312 Langobardorum
1326 2272 1452 2313 rege
1483 2261 1692 2301 mortuo
1717 2257 2014 2301 Rotharius
2047 2256 2218 2300 eidem

336 2326 500 2368 regno
538 2314 847 2366 preficitur.

78 2383 155 2424 (641
168 2400 204 2406 —
219 2383 308 2423 643).
1085 2367 1196 2427 572
1211 2402 1281 2407 —-
1295 2368 1408 2427 574
1423 2369 1466 2426 6.

194 2469 304 2500 Beda.
481 2456 630 2506 Anno
664 2454 963 2506 dominicae
994 2455 1382 2507 incarnationis
1410 2454 1673 2506 DLXXII.
1734 2469 2036 2512 Heraelonesu
2060 2469 2219 2511 filius

335 2525 580 2569 Heraclii
612 2540 709 2569 cum
741 2529 884 2569 matre
915 2540 993 2569 sua
1015 2526 1213 2570 Martina
1244 2527 1500 2582 regnavit
1532 2541 1666 2570 annos
1698 2527 1790 2569 11v.
1847 2525 2001 2569 *Cirus
2027 2525 2216 2568 Alexan-

336 2582 470 2628 driae.
497 2582 677 2638 Sergius
702 2586 747 2626 et
771 2584 922 2626 Pirrus
947 2584 1097 2638 regiae
1120 2584 1241 2626 urbis
1266 2585 1459 2638 episcopi
1488 2598 1622 2626 unam
1648 2584 1949 2637 operationem
1973 2583 2019 2625 in
2044 2581 2220 2625 Christo

322 2639 588 2683 divinitatis
628 2644 672 2683 et
702 2640 1002 2683 humanitatis
1042 2644 1093 2683 et
1123 2655 1255 2683 unam
1288 2642 1566 2684 voluntatem
1597 2640 1907 2695 dogmatizant
1945 2643 1997 2683 et
2034 2639 2095 2682 ob
2126 2639 2221 2682 hoc

334 2710 359 2739 a
391 2696 622 2740 Theodoro
653 2711 768 2751 papa
801 2701 854 2740 et
885 2697 1013 2740 aliis
1046 2698 1319 2752 episcopis
1353 2698 1673 2752 condempnati
1704 2700 1840 2740 sunt.

78 2759 122 2790 G·
141 2760 234 2798 Dag.
255 2762 306 2791 14.
476 2753 823 2809 Dagobertus
855 2754 1013 2796 filius
1045 2752 1321 2797 Clotharii
1347 2768 1458 2797 cum
1485 2753 1783 2797 Saxonibus
1809 2753 2074 2796 dimicans
2099 2765 2219 2806 gra·

333 2811 476 2852 viter
519 2811 580 2853 ab
625 2811 701 2854 eis
740 2812 1062 2854 vulneratur
1099 2814 1416 2868 patremque
1455 2826 1546 2866 per
1583 2811 1826 2866 legatum
1864 2811 1918 2852 in
1957 2808 2218 2852 auxilium

333 2921 369 2962 a)
392 2923 487 2953 mala
510 2923 540 2953 A
557 2924 587 2954 2.
676 2923 715 2963 b)
740 2924 934 2955 chlotharii
958 2924 990 2954 B
1007 2925 1042 2961 2;
1081 2924 1186 2955 cloth.
1212 2924 1310 2961 regis
1335 2925 1367 2954 Β
1385 2927 1414 2955 l.
1440 2926 1471 2956 3.
1562 2923 1596 2963 c)
1619 2922 1782 2954 Gilulfus
1806 2923 1838 2953 Β
1856 2925 1889 2957 1;
1926 2921 2113 2960 Egilulfus
2137 2922 2169 2952 B
2185 2921 2215 2952 3.

332 2964 369 3004 d)
392 2966 601 2996 herachlius
627 2967 659 2996 Β
674 2968 705 2997 2.
797 2966 832 3006 e)
856 2967 1006 2997 chosroe
1030 2967 1062 2997 Β
1080 2969 1108 2997 l.
1137 2968 1172 3003 3;
1212 2967 1359 2998 cosdroe
1383 2968 1414 2998 Β
1431 2969 1463 2998 2.
1545 2965 1576 3006 f)
1605 2967 1744 3004 recepit
1767 2965 1797 2996 A
1815 2966 1846 2996 2.
1872 2965 1904 2995 Β
1920 2966 1951 2996 3.
2021 2966 2058 3003 g)
2081 2965 2217 2994 hieros.

333 3008 364 3037 B
384 3011 411 3038 1.
439 3009 470 3038 3.
516 3008 555 3047 h)
580 3009 744 3039 severius
769 3010 799 3039 A
817 3011 847 3043 2.
870 3010 902 3040 Β
918 3011 950 3040 3.
996 3009 1024 3048 i)
1047 3009 1229 3040 heduinus
1253 3010 1285 3040 Β
1301 3010 1332 3041 2,
1357 3011 1389 3041 3.
1437 3009 1476 3048 k)
1500 3009 1544 3039 ad
1560 3009 1669 3040 fidem
1687 3008 1772 3039 Chr.
1798 3008 1874 3039 A2.
1921 3009 1948 3046 1)
1972 3008 2116 3038 scothos
2141 3007 2217 3038 A2.

332 3049 382 3088 m)
413 3050 605 3081 chlotharii
629 3051 660 3081 B
676 3052 708 3082 2.
763 3051 802 3091 n)
826 3056 865 3082 ut
888 3053 921 3082 ei
945 3053 1043 3083 viam
1068 3053 1141 3082 chr.
1165 3052 1231 3083 rel.
1258 3052 1467 3083 ostenderet
1489 3052 1521 3083 Β
1537 3053 1568 3083 3.
1623 3050 1659 3091 o)
1682 3051 1852 3089 aquitane
1874 3050 1907 3080 B
1923 3051 1954 3080 2.
2009 3050 2046 3088 p)
2069 3049 2221 3080 basilica

333 3093 364 3121 B
383 3094 412 3122 i.
437 3093 469 3122 3.
552 3098 586 3131 q)
621 3093 775 3129 dyonisii
801 3094 831 3124 A
847 3097 877 3125 2.
955 3093 987 3133 ι’)
1017 3103 1080 3133 pre
1104 3099 1172 3125 cet.
1199 3094 1324 3125 desum
1348 3095 1379 3124 B
1396 3097 1429 3125 2.
1520 3097 1552 3130 s)
1586 3094 1679 3124 deest
1702 3094 1733 3123 A
1749 3094 1780 3123 2.
1870 3094 1898 3131 t)
1931 3097 2052 3122 sancto
2075 3091 2218 3122 arnulfo

333 3136 486 3165 metensi
512 3136 681 3174 episcopo
706 3144 786 3166 cum
810 3135 897 3167 filiis
923 3137 952 3166 A
969 3138 1001 3167 2.
1092 3137 1130 3176 u)
1155 3137 1385 3167 Heraclonus
1409 3137 1440 3167 A
1458 3138 1489 3167 2.
1579 3134 1616 3175 v)
1639 3135 1743 3166 annis
1765 3135 1906 3165 duobus
1930 3135 1961 3165 A
1976 3136 2006 3165 2.

334 3234 376 3285 1)
405 3232 530 3285 Cous.
554 3234 705 3278 Vitam
726 3235 920 3278 Columb.
942 3249 976 3278 c.
993 3236 1066 3283 283
1093 3234 1279 3288 pedibus
1297 3234 1442 3289 ligata
1462 3233 1580 3276 Hist.
1598 3235 1772 3277 Franc.
1839 3232 1882 3285 2)
1908 3232 2216 3275 Adaloaldum

333 3290 527 3345 Ayz’lzdfl
556 3292 700 3342 filium
729 3293 800 3335 illa·
828 3292 1112 3343 successisse,
1144 3292 1224 3334 sed
1246 3292 1383 3343 paulo
1410 3295 1513 3344 post
1542 3291 1599 3333 ab
1625 3290 1844 3332 Ariosddo
1867 3301 2003 3342 reyno
2029 3289 2215 3342 pulsum

333 3361 428 3390 esse
460 3348 641 3392 Paulus
671 3354 842 3391 narrat.
933 3349 977 3397 3)
1010 3349 1111 3390 Ado
1138 3348 1334 3390 XVIII.
1363 3347 1471 3389 Kal.
1498 3347 1592 3390 Oct.
1680 3347 1724 3397 4)
1764 3346 1941 3389 Scilicet
1964 3351 2070 3399 post
2099 3345 2215 3388 duos

332 3404 602 3457 Bon‘e'facz'os
619 3407 762 3459 paulo
788 3419 930 3459 supra
956 3409 1342 3448 commemoratos:
1375 3416 1531 3446 revera
1544 3404 1645 3455 fuit
1669 3404 1866 3457 quintus.
1954 3404 1997 3454 ὃ)
2031 3401 2215 3444 Arioald

334 3461 526 3504 Paulus.
647 3463 689 3513 6)
722 3464 805 3505 574
830 3479 884 3495 =
909 3464 991 3505 572
1018 3460 1070 3513 -ὗ-
1096 3462 1140 3510 2;
1186 3462 1242 3512 cf.
1277 3475 1318 3502 α.
1343 3461 1439 3503 263.

2244 2531 2258 2542 *
2276 2541 2321 2569 p.
2339 2531 2443 2563 551a.
