<?xml version="1.0" encoding="UTF-8"?>
<!DOCTYPE html PUBLIC "-//W3C//DTD XHTML 1.0 Transitional//EN"
    "http://www.w3.org/TR/xhtml1/DTD/xhtml1-transitional.dtd">
<html xmlns="http://www.w3.org/1999/xhtml" xml:lang="en" lang="en">
 <head>
  <title>
</title>
<meta http-equiv="Content-Type" content="text/html;charset=utf-8" />
  <meta name='ocr-system' content='tesseract 3.04.00' />
  <meta name='ocr-capabilities' content='ocr_page ocr_carea ocr_par ocr_line ocrx_word'/>
</head>
<body>
  <div class='ocr_page' id='page_1' title='image "./reginonisabbatis00regiuoft_0161.png"; bbox 0 0 2491 3724; ppageno 0'>
   <div class='ocr_carea' id='block_1_1' title="bbox 663 165 2075 212">
    <p class='ocr_par' dir='ltr' id='par_1_1' title="bbox 663 165 2075 212">
     <span class='ocr_line' id='line_1_1' title="bbox 663 165 2075 212; baseline 0 -2"><span class='ocrx_word' id='word_1_1' title='bbox 663 166 991 212; x_wconf 83' lang='lat' dir='ltr'><strong>REGINONIS</strong></span> <span class='ocrx_word' id='word_1_2' title='bbox 1024 165 1385 211; x_wconf 85' lang='lat' dir='ltr'>CHRONICON.</span> <span class='ocrx_word' id='word_1_3' title='bbox 1445 165 1498 208; x_wconf 91' lang='lat' dir='ltr'>A.</span> <span class='ocrx_word' id='word_1_4' title='bbox 1524 167 1619 210; x_wconf 76' lang='lat'>891.</span> <span class='ocrx_word' id='word_1_5' title='bbox 1994 169 2075 210; x_wconf 83' lang='lat'>137</span> 
     </span>
    </p>
   </div>
   <div class='ocr_carea' id='block_1_2' title="bbox 201 292 2077 2966">
    <p class='ocr_par' dir='ltr' id='par_1_2' title="bbox 202 292 2077 1754">
     <span class='ocr_line' id='line_1_2' title="bbox 206 292 2073 360; baseline -0.002 -15"><span class='ocrx_word' id='word_1_6' title='bbox 206 310 403 345; x_wconf 88' lang='lat' dir='ltr'>aurora</span> <span class='ocrx_word' id='word_1_7' title='bbox 439 293 647 345; x_wconf 72' lang='lat' dir='ltr'>radiosa</span> <span class='ocrx_word' id='word_1_8' title='bbox 685 310 812 344; x_wconf 86' lang='lat' dir='ltr'>suae</span> <span class='ocrx_word' id='word_1_9' title='bbox 843 292 975 344; x_wconf 89' lang='lat' dir='ltr'>lucis</span> <span class='ocrx_word' id='word_1_10' title='bbox 1005 292 1450 360; x_wconf 63' lang='lat' dir='ltr'>representareta‘,</span> <span class='ocrx_word' id='word_1_11' title='bbox 1490 307 1668 343; x_wconf 90' lang='lat' dir='ltr'>omnes</span> <span class='ocrx_word' id='word_1_12' title='bbox 1707 297 1985 342; x_wconf 78' lang='lat' dir='ltr'>armantur</span> <span class='ocrx_word' id='word_1_13' title='bbox 2023 298 2073 342; x_wconf 73' lang='lat' dir='ltr'>et</span> 
     </span>
     <span class='ocr_line' id='line_1_3' title="bbox 207 360 2073 431; baseline -0.002 -17"><span class='ocrx_word' id='word_1_14' title='bbox 207 364 390 415; x_wconf 87' lang='lat' dir='ltr'>levatis</span> <span class='ocrx_word' id='word_1_15' title='bbox 429 364 633 416; x_wconf 78' lang='lat' dir='ltr'>vexillis</span> <span class='ocrx_word' id='word_1_16' title='bbox 671 381 765 431; x_wconf 90' lang='lat' dir='ltr'>per</span> <span class='ocrx_word' id='word_1_17' title='bbox 801 363 1111 414; x_wconf 81' lang='lat' dir='ltr'>descensum</span> <span class='ocrx_word' id='word_1_18' title='bbox 1149 361 1381 413; x_wconf 87' lang='lat' dir='ltr'>fluminis</span> <span class='ocrx_word' id='word_1_19' title='bbox 1420 361 1684 427; x_wconf 76' lang='lat' dir='ltr'>expeditib</span> <span class='ocrx_word' id='word_1_20' title='bbox 1731 360 1800 412; x_wconf 91' lang='lat' dir='ltr'>ad</span> <span class='ocrx_word' id='word_1_21' title='bbox 1844 378 2073 427; x_wconf 87' lang='lat' dir='ltr'>pugnam</span> 
     </span>
     <span class='ocr_line' id='line_1_4' title="bbox 207 431 2073 501; baseline -0.002 -16"><span class='ocrx_word' id='word_1_22' title='bbox 207 433 562 500; x_wconf 65' lang='lat' dir='ltr'>gradiunture.</span> <span class='ocrx_word' id='word_1_23' title='bbox 638 435 872 501; x_wconf 78' lang='lat' dir='ltr'><strong>Cumque</strong></span> <span class='ocrx_word' id='word_1_24' title='bbox 910 433 1243 495; x_wconf 70' lang='lat' dir='ltr'>torrentemd,</span> <span class='ocrx_word' id='word_1_25' title='bbox 1284 434 1376 498; x_wconf 86' lang='lat' dir='ltr'>qui</span> <span class='ocrx_word' id='word_1_26' title='bbox 1416 432 1574 483; x_wconf 85' lang='lat' dir='ltr'>Gulia</span> <span class='ocrx_word' id='word_1_27' title='bbox 1613 431 1862 493; x_wconf 82' lang='lat' dir='ltr'>diciturl,</span> <span class='ocrx_word' id='word_1_28' title='bbox 1903 437 2073 482; x_wconf 89' lang='lat' dir='ltr'>trans-</span> 
     </span>
     <span class='ocr_line' id='line_1_5' title="bbox 205 501 2073 571; baseline -0.002 -16"><span class='ocrx_word' id='word_1_29' title='bbox 205 506 388 567; x_wconf 78' lang='lat' dir='ltr'>issent,</span> <span class='ocrx_word' id='word_1_30' title='bbox 427 505 569 556; x_wconf 90' lang='lat' dir='ltr'>acies</span> <span class='ocrx_word' id='word_1_31' title='bbox 599 505 800 571; x_wconf 86' lang='lat' dir='ltr'>pariter</span> <span class='ocrx_word' id='word_1_32' title='bbox 831 503 1202 566; x_wconf 80' lang='lat' dir='ltr'>substiterunt3</span> <span class='ocrx_word' id='word_1_33' title='bbox 1243 501 1431 553; x_wconf 90' lang='lat' dir='ltr'>dehinc</span> <span class='ocrx_word' id='word_1_34' title='bbox 1463 502 1774 564; x_wconf 86' lang='lat' dir='ltr'>deliberant,</span> <span class='ocrx_word' id='word_1_35' title='bbox 1807 519 1870 552; x_wconf 92' lang='lat' dir='ltr'>ne</span> <span class='ocrx_word' id='word_1_36' title='bbox 1904 502 2073 552; x_wconf 88' lang='lat' dir='ltr'>omnis</span> 
     </span>
     <span class='ocr_line' id='line_1_6' title="bbox 207 573 2073 640; baseline -0.002 -15"><span class='ocrx_word' id='word_1_37' title='bbox 207 576 473 627; x_wconf 85' lang='lat' dir='ltr'>exercitus</span> <span class='ocrx_word' id='word_1_38' title='bbox 519 576 786 626; x_wconf 86' lang='lat' dir='ltr'>incassum</span> <span class='ocrx_word' id='word_1_39' title='bbox 830 574 1167 640; x_wconf 78' lang='lat' dir='ltr'>fatigaretur,</span> <span class='ocrx_word' id='word_1_40' title='bbox 1223 578 1311 624; x_wconf 59' lang='lat' dir='ltr'>ute</span> <span class='ocrx_word' id='word_1_41' title='bbox 1356 573 1753 638; x_wconf 81' lang='lat' dir='ltr'>unusquisquef</span> <span class='ocrx_word' id='word_1_42' title='bbox 1793 588 2073 638; x_wconf 86' lang='lat' dir='ltr'>procerum</span> 
     </span>
     <span class='ocr_line' id='line_1_7' title="bbox 207 641 2073 709; baseline -0.002 -13"><span class='ocrx_word' id='word_1_43' title='bbox 207 645 482 698; x_wconf 86' lang='lat' dir='ltr'>duodecim</span> <span class='ocrx_word' id='word_1_44' title='bbox 515 663 579 696; x_wconf 84' lang='lat' dir='ltr'>ex</span> <span class='ocrx_word' id='word_1_45' title='bbox 609 646 717 697; x_wconf 90' lang='lat' dir='ltr'>suis</span> <span class='ocrx_word' id='word_1_46' title='bbox 748 645 1000 705; x_wconf 85' lang='lat' dir='ltr'>mitteret,</span> <span class='ocrx_word' id='word_1_47' title='bbox 1037 643 1127 709; x_wconf 87' lang='lat' dir='ltr'>qui</span> <span class='ocrx_word' id='word_1_48' title='bbox 1151 643 1238 693; x_wconf 75' lang='lat' dir='ltr'>ing</span> <span class='ocrx_word' id='word_1_49' title='bbox 1269 660 1430 693; x_wconf 92' lang='lat' dir='ltr'>unum</span> <span class='ocrx_word' id='word_1_50' title='bbox 1455 659 1643 707; x_wconf 82' lang='lat' dir='ltr'>agmen</span> <span class='ocrx_word' id='word_1_51' title='bbox 1667 641 1872 693; x_wconf 84' lang='lat' dir='ltr'>redacti</span> <span class='ocrx_word' id='word_1_52' title='bbox 1896 642 2073 693; x_wconf 88' lang='lat' dir='ltr'>hostes</span> 
     </span>
     <span class='ocr_line' id='line_1_8' title="bbox 205 711 2075 782; baseline -0.002 -16"><span class='ocrx_word' id='word_1_53' title='bbox 205 716 599 782; x_wconf 79' lang='lat' dir='ltr'>investigarent.</span> <span class='ocrx_word' id='word_1_54' title='bbox 701 714 847 766; x_wconf 91' lang='lat' dir='ltr'>Haec</span> <span class='ocrx_word' id='word_1_55' title='bbox 907 713 1386 764; x_wconf 82' lang='lat' dir='ltr'>sermocinantibus</span> <span class='ocrx_word' id='word_1_56' title='bbox 1447 711 1655 764; x_wconf 86' lang='lat' dir='ltr'>subitoh</span> <span class='ocrx_word' id='word_1_57' title='bbox 1713 718 2075 779; x_wconf 88' lang='lat' dir='ltr'>apparuerunt</span> 
     </span>
     <span class='ocr_line' id='line_1_9' title="bbox 206 782 2072 853; baseline -0.003 -15"><span class='ocrx_word' id='word_1_58' title='bbox 206 787 566 853; x_wconf 85' lang='lat' dir='ltr'>speculatores</span> <span class='ocrx_word' id='word_1_59' title='bbox 618 784 1112 836; x_wconf 64' lang='lat' dir='ltr'>Nortmannorunii.</span> <span class='ocrx_word' id='word_1_60' title='bbox 1206 784 1347 846; x_wconf 80' lang='lat' dir='ltr'>Quos</span> <span class='ocrx_word' id='word_1_61' title='bbox 1398 800 1517 834; x_wconf 90' lang='lat' dir='ltr'>cum</span> <span class='ocrx_word' id='word_1_62' title='bbox 1568 782 1738 833; x_wconf 90' lang='lat' dir='ltr'>omnis</span> <span class='ocrx_word' id='word_1_63' title='bbox 1788 782 2072 834; x_wconf 83' lang='lat' dir='ltr'>multitudo</span> 
     </span>
     <span class='ocr_line' id='line_1_10' title="bbox 205 853 2074 919; baseline -0.001 -13"><span class='ocrx_word' id='word_1_64' title='bbox 205 856 518 908; x_wconf 89' lang='lat' dir='ltr'>inconsultis</span> <span class='ocrx_word' id='word_1_65' title='bbox 567 854 790 906; x_wconf 90' lang='lat' dir='ltr'>ducibus</span> <span class='ocrx_word' id='word_1_66' title='bbox 840 853 1062 905; x_wconf 88' lang='lat' dir='ltr'>confuso</span> <span class='ocrx_word' id='word_1_67' title='bbox 1113 853 1298 904; x_wconf 84' lang='lat' dir='ltr'>ordine</span> <span class='ocrx_word' id='word_1_68' title='bbox 1347 853 1777 919; x_wconf 72' lang='lat' dir='ltr'>insequereturk,</span> <span class='ocrx_word' id='word_1_69' title='bbox 1834 854 2074 919; x_wconf 85' lang='lat' dir='ltr'>peditum</span> 
     </span>
     <span class='ocr_line' id='line_1_11' title="bbox 205 923 2075 992; baseline -0.001 -15"><span class='ocrx_word' id='word_1_70' title='bbox 205 933 408 978; x_wconf 87' lang='lat' dir='ltr'>turmas</span> <span class='ocrx_word' id='word_1_71' title='bbox 447 927 500 977; x_wconf 91' lang='lat' dir='ltr'>in</span> <span class='ocrx_word' id='word_1_72' title='bbox 538 925 772 992; x_wconf 85' lang='lat' dir='ltr'>quadam</span> <span class='ocrx_word' id='word_1_73' title='bbox 809 924 1019 976; x_wconf 70' lang='grc' dir='ltr'>17111111ει1</span> <span class='ocrx_word' id='word_1_74' title='bbox 1058 923 1299 987; x_wconf 81' lang='lat' dir='ltr'>offendit,</span> <span class='ocrx_word' id='word_1_75' title='bbox 1348 924 1440 989; x_wconf 91' lang='lat' dir='ltr'>qui</span> <span class='ocrx_word' id='word_1_76' title='bbox 1477 925 1530 974; x_wconf 86' lang='lat' dir='ltr'>in</span> <span class='ocrx_word' id='word_1_77' title='bbox 1569 941 1733 974; x_wconf 88' lang='lat' dir='ltr'>unum</span> <span class='ocrx_word' id='word_1_78' title='bbox 1772 923 2075 990; x_wconf 87' lang='lat' dir='ltr'>conglobati</span> 
     </span>
     <span class='ocr_line' id='line_1_12' title="bbox 204 994 2074 1063; baseline -0.002 -15"><span class='ocrx_word' id='word_1_79' title='bbox 204 995 362 1048; x_wconf 81' lang='lat' dir='ltr'>facile</span> <span class='ocrx_word' id='word_1_80' title='bbox 386 997 615 1063; x_wconf 86' lang='lat' dir='ltr'>sparsim</span> <span class='ocrx_word' id='word_1_81' title='bbox 645 995 1075 1062; x_wconf 85' lang='lat' dir='ltr'>supervenientes</span> <span class='ocrx_word' id='word_1_82' title='bbox 1099 994 1363 1061; x_wconf 88' lang='lat' dir='ltr'>repellunt</span> <span class='ocrx_word' id='word_1_83' title='bbox 1394 1000 1553 1060; x_wconf 83' lang='lat' dir='ltr'>atque</span> <span class='ocrx_word' id='word_1_84' title='bbox 1578 999 1869 1046; x_wconf 83' lang='lat' dir='ltr'>retrorsum</span> <span class='ocrx_word' id='word_1_85' title='bbox 1900 994 2074 1045; x_wconf 90' lang='lat' dir='ltr'>redire</span> 
     </span>
     <span class='ocr_line' id='line_1_13' title="bbox 207 1064 2076 1133; baseline -0.002 -15"><span class='ocrx_word' id='word_1_86' title='bbox 207 1072 417 1133; x_wconf 88' lang='lat' dir='ltr'>cogunt.</span> <span class='ocrx_word' id='word_1_87' title='bbox 508 1065 713 1118; x_wconf 90' lang='lat' dir='ltr'>Deinde</span> <span class='ocrx_word' id='word_1_88' title='bbox 752 1064 1208 1132; x_wconf 75' lang='lat' dir='ltr'>perstrepentibus</span> <span class='ocrx_word' id='word_1_89' title='bbox 1249 1064 1538 1116; x_wconf 89' lang='lat' dir='ltr'>secundum</span> <span class='ocrx_word' id='word_1_90' title='bbox 1577 1081 1778 1116; x_wconf 91' lang='lat' dir='ltr'>morem</span> <span class='ocrx_word' id='word_1_91' title='bbox 1816 1064 2076 1116; x_wconf 82' lang='lat' dir='ltr'>faretrism</span> 
     </span>
     <span class='ocr_line' id='line_1_14' title="bbox 204 1134 2076 1202; baseline -0.002 -14"><span class='ocrx_word' id='word_1_92' title='bbox 204 1137 407 1188; x_wconf 88' lang='lat' dir='ltr'>clamor</span> <span class='ocrx_word' id='word_1_93' title='bbox 437 1137 492 1188; x_wconf 91' lang='lat' dir='ltr'>in</span> <span class='ocrx_word' id='word_1_94' title='bbox 524 1137 728 1188; x_wconf 91' lang='lat' dir='ltr'>caelum</span> <span class='ocrx_word' id='word_1_95' title='bbox 759 1136 977 1198; x_wconf 85' lang='lat' dir='ltr'>tollitur,</span> <span class='ocrx_word' id='word_1_96' title='bbox 1016 1153 1196 1202; x_wconf 87' lang='lat' dir='ltr'>pugna</span> <span class='ocrx_word' id='word_1_97' title='bbox 1228 1136 1592 1187; x_wconf 83' lang='lat' dir='ltr'>committitur.</span> <span class='ocrx_word' id='word_1_98' title='bbox 1667 1135 1888 1201; x_wconf 86' lang='lat' dir='ltr'>Equites</span> <span class='ocrx_word' id='word_1_99' title='bbox 1920 1134 2076 1187; x_wconf 84' lang='lat' dir='ltr'>Nort-</span> 
     </span>
     <span class='ocr_line' id='line_1_15' title="bbox 205 1205 2073 1265; baseline -0.001 -7"><span class='ocrx_word' id='word_1_100' title='bbox 205 1217 556 1259; x_wconf 80' lang='lat' dir='ltr'>marinorum11</span> <span class='ocrx_word' id='word_1_101' title='bbox 586 1207 770 1258; x_wconf 87' lang='lat' dir='ltr'>audito</span> <span class='ocrx_word' id='word_1_102' title='bbox 803 1206 1031 1258; x_wconf 87' lang='lat' dir='ltr'>clamore</span> <span class='ocrx_word' id='word_1_103' title='bbox 1063 1222 1269 1256; x_wconf 88' lang='lat' dir='ltr'>summa</span> <span class='ocrx_word' id='word_1_104' title='bbox 1301 1223 1420 1257; x_wconf 89' lang='lat' dir='ltr'>cum</span> <span class='ocrx_word' id='word_1_105' title='bbox 1443 1206 1786 1257; x_wconf 85' lang='lat' dir='ltr'>festinatione</span> <span class='ocrx_word' id='word_1_106' title='bbox 1811 1205 2073 1265; x_wconf 79' lang='lat' dir='ltr'>advolant,</span> 
     </span>
     <span class='ocr_line' id='line_1_16' title="bbox 205 1276 2075 1345; baseline -0.001 -16"><span class='ocrx_word' id='word_1_107' title='bbox 205 1283 257 1329; x_wconf 89' lang='lat' dir='ltr'>et</span> <span class='ocrx_word' id='word_1_108' title='bbox 293 1279 595 1345; x_wconf 79' lang='lat' dir='ltr'>ingravat-0⁰</span> <span class='ocrx_word' id='word_1_109' title='bbox 646 1277 816 1345; x_wconf 89' lang='lat' dir='ltr'>prelio</span> <span class='ocrx_word' id='word_1_110' title='bbox 856 1276 1270 1328; x_wconf 88' lang='lat' dir='ltr'>christianorum</span> <span class='ocrx_word' id='word_1_111' title='bbox 1310 1277 1573 1328; x_wconf 89' lang='lat' dir='ltr'>exercitus</span> <span class='ocrx_word' id='word_1_112' title='bbox 1611 1277 1845 1342; x_wconf 88' lang='lat' dir='ltr'>peccatis</span> <span class='ocrx_word' id='word_1_113' title='bbox 1877 1276 2075 1328; x_wconf 87' lang='lat' dir='ltr'>facien-</span> 
     </span>
     <span class='ocr_line' id='line_1_17' title="bbox 202 1346 2071 1416; baseline -0.001 -17"><span class='ocrx_word' id='word_1_114' title='bbox 202 1347 362 1408; x_wconf 79' lang='lat' dir='ltr'>tibus,</span> <span class='ocrx_word' id='word_1_115' title='bbox 402 1348 507 1400; x_wconf 95' lang='lat' dir='ltr'>heu</span> <span class='ocrx_word' id='word_1_116' title='bbox 543 1365 640 1416; x_wconf 89' lang='lat' dir='ltr'>pro</span> <span class='ocrx_word' id='word_1_117' title='bbox 680 1347 853 1399; x_wconf 81' lang='lat' dir='ltr'>dolor!</span> <span class='ocrx_word' id='word_1_118' title='bbox 909 1352 1059 1413; x_wconf 79' lang='lat' dir='ltr'>terga</span> <span class='ocrx_word' id='word_1_119' title='bbox 1097 1348 1268 1400; x_wconf 88' lang='lat' dir='ltr'>vertit.</span> <span class='ocrx_word' id='word_1_120' title='bbox 1344 1347 1404 1397; x_wconf 90' lang='lat' dir='ltr'>In</span> <span class='ocrx_word' id='word_1_121' title='bbox 1443 1364 1546 1414; x_wconf 87' lang='lat' dir='ltr'>quo</span> <span class='ocrx_word' id='word_1_122' title='bbox 1586 1346 1751 1412; x_wconf 86' lang='lat' dir='ltr'>prelio</span> <span class='ocrx_word' id='word_1_123' title='bbox 1792 1347 2071 1413; x_wconf 89' lang='lat' dir='ltr'>episcopus</span> 
     </span>
     <span class='ocr_line' id='line_1_18' title="bbox 205 1416 2075 1486; baseline -0.001 -17"><span class='ocrx_word' id='word_1_124' title='bbox 205 1419 603 1486; x_wconf 85' lang='lat' dir='ltr'>Mogontiacaep</span> <span class='ocrx_word' id='word_1_125' title='bbox 640 1419 787 1469; x_wconf 89' lang='lat' dir='ltr'>urbis</span> <span class='ocrx_word' id='word_1_126' title='bbox 828 1417 1032 1469; x_wconf 84' lang='lat' dir='ltr'>Sunzoq</span> <span class='ocrx_word' id='word_1_127' title='bbox 1071 1423 1122 1468; x_wconf 93' lang='lat' dir='ltr'>et</span> <span class='ocrx_word' id='word_1_128' title='bbox 1161 1416 1448 1468; x_wconf 69' lang='lat' dir='ltr'>Arnulfusr</span> <span class='ocrx_word' id='word_1_129' title='bbox 1485 1434 1657 1468; x_wconf 91' lang='lat' dir='ltr'>comes</span> <span class='ocrx_word' id='word_1_130' title='bbox 1699 1417 2075 1477; x_wconf 87' lang='lat' dir='ltr'>occubuerunt,</span> 
     </span>
     <span class='ocr_line' id='line_1_19' title="bbox 203 1486 2076 1541; baseline -0.001 -2"><span class='ocrx_word' id='word_1_131' title='bbox 203 1506 300 1540; x_wconf 90' lang='lat' dir='ltr'>nec</span> <span class='ocrx_word' id='word_1_132' title='bbox 346 1506 451 1540; x_wconf 92' lang='lat' dir='ltr'>non</span> <span class='ocrx_word' id='word_1_133' title='bbox 499 1495 580 1541; x_wconf 73' lang='lat' dir='ltr'>etS</span> <span class='ocrx_word' id='word_1_134' title='bbox 624 1489 903 1540; x_wconf 85' lang='lat' dir='ltr'>innumera</span> <span class='ocrx_word' id='word_1_135' title='bbox 947 1487 1233 1539; x_wconf 81' lang='lat' dir='ltr'>multitudo</span> <span class='ocrx_word' id='word_1_136' title='bbox 1283 1487 1542 1539; x_wconf 84' lang='lat' dir='ltr'>nobilium</span> <span class='ocrx_word' id='word_1_137' title='bbox 1588 1488 1838 1539; x_wconf 88' lang='lat' dir='ltr'>virorum.</span> <span class='ocrx_word' id='word_1_138' title='bbox 1915 1486 2076 1538; x_wconf 80' lang='lat' dir='ltr'>Nort-</span> 
     </span>
     <span class='ocr_line' id='line_1_20' title="bbox 203 1557 2074 1627; baseline -0.002 -16"><span class='ocrx_word' id='word_1_139' title='bbox 203 1561 409 1611; x_wconf 72' lang='lat' dir='ltr'>mannit</span> <span class='ocrx_word' id='word_1_140' title='bbox 451 1565 699 1627; x_wconf 87' lang='lat' dir='ltr'>patratau</span> <span class='ocrx_word' id='word_1_141' title='bbox 729 1559 952 1611; x_wconf 84' lang='lat' dir='ltr'>victoria</span> <span class='ocrx_word' id='word_1_142' title='bbox 992 1563 1168 1609; x_wconf 90' lang='lat' dir='ltr'>castra</span> <span class='ocrx_word' id='word_1_143' title='bbox 1205 1558 1487 1610; x_wconf 65' lang='lat' dir='ltr'>omnibusv</span> <span class='ocrx_word' id='word_1_144' title='bbox 1526 1557 1723 1609; x_wconf 86' lang='lat' dir='ltr'>divitiis</span> <span class='ocrx_word' id='word_1_145' title='bbox 1760 1557 1959 1610; x_wconf 78' lang='lat' dir='ltr'>referta</span> <span class='ocrx_word' id='word_1_146' title='bbox 1998 1559 2074 1609; x_wconf 91' lang='lat' dir='ltr'>in-</span> 
     </span>
     <span class='ocr_line' id='line_1_21' title="bbox 204 1628 2074 1697; baseline -0.001 -17"><span class='ocrx_word' id='word_1_147' title='bbox 204 1629 402 1682; x_wconf 80' lang='lat' dir='ltr'>vadunt</span> <span class='ocrx_word' id='word_1_148' title='bbox 433 1637 484 1681; x_wconf 89' lang='lat' dir='ltr'>et</span> <span class='ocrx_word' id='word_1_149' title='bbox 509 1629 808 1693; x_wconf 81' lang='lat' dir='ltr'>trucidatiS,</span> <span class='ocrx_word' id='word_1_150' title='bbox 844 1646 977 1697; x_wconf 88' lang='lat' dir='ltr'>quos</span> <span class='ocrx_word' id='word_1_151' title='bbox 1004 1630 1059 1680; x_wconf 91' lang='lat' dir='ltr'>in</span> <span class='ocrx_word' id='word_1_152' title='bbox 1083 1628 1219 1680; x_wconf 88' lang='lat' dir='ltr'>bello</span> <span class='ocrx_word' id='word_1_153' title='bbox 1245 1634 1512 1697; x_wconf 69' lang='lat' dir='ltr'>ceperant,</span> <span class='ocrx_word' id='word_1_154' title='bbox 1549 1629 1795 1681; x_wconf 74' lang='lat' dir='ltr'>oneratiW</span> <span class='ocrx_word' id='word_1_155' title='bbox 1816 1628 1981 1695; x_wconf 88' lang='lat' dir='ltr'>preda</span> <span class='ocrx_word' id='word_1_156' title='bbox 2007 1628 2074 1680; x_wconf 89' lang='lat' dir='ltr'>ad</span> 
     </span>
     <span class='ocr_line' id='line_1_22' title="bbox 202 1699 2077 1754; baseline 0 -3"><span class='ocrx_word' id='word_1_157' title='bbox 202 1701 429 1752; x_wconf 86' lang='lat' dir='ltr'>classem</span> <span class='ocrx_word' id='word_1_158' title='bbox 451 1705 806 1754; x_wconf 84' lang='lat' dir='ltr'>revertuntur.</span> <span class='ocrx_word' id='word_1_159' title='bbox 869 1700 992 1752; x_wconf 89' lang='lat' dir='ltr'>Fuit</span> <span class='ocrx_word' id='word_1_160' title='bbox 1013 1716 1135 1751; x_wconf 84' lang='lat' dir='ltr'>vero</span> <span class='ocrx_word' id='word_1_161' title='bbox 1159 1699 1291 1751; x_wconf 87' lang='lat' dir='ltr'>haec</span> <span class='ocrx_word' id='word_1_162' title='bbox 1316 1700 1504 1751; x_wconf 88' lang='lat' dir='ltr'>caedes</span> <span class='ocrx_word' id='word_1_163' title='bbox 1530 1699 1675 1751; x_wconf 86' lang='lat' dir='ltr'>facta</span> <span class='ocrx_word' id='word_1_164' title='bbox 1701 1699 1954 1751; x_wconf 71' lang='lat' dir='ltr'>VI.1&lt;Ka1.</span> <span class='ocrx_word' id='word_1_165' title='bbox 1978 1699 2077 1752; x_wconf 80' lang='lat' dir='ltr'>Iul.</span> 
     </span>
    </p>

    <p class='ocr_par' dir='ltr' id='par_1_3' title="bbox 201 1770 2077 2966">
     <span class='ocr_line' id='line_1_23' title="bbox 348 1770 2075 1837; baseline -0.001 -15"><span class='ocrx_word' id='word_1_166' title='bbox 348 1772 487 1822; x_wconf 91' lang='lat' dir='ltr'>Dum</span> <span class='ocrx_word' id='word_1_167' title='bbox 526 1771 658 1823; x_wconf 89' lang='lat' dir='ltr'>haec</span> <span class='ocrx_word' id='word_1_168' title='bbox 697 1775 945 1837; x_wconf 89' lang='lat' dir='ltr'>aguntur,</span> <span class='ocrx_word' id='word_1_169' title='bbox 987 1770 1276 1821; x_wconf 72' lang='lat' dir='ltr'>Arnulfusy</span> <span class='ocrx_word' id='word_1_170' title='bbox 1312 1787 1406 1821; x_wconf 84' lang='lat' dir='ltr'>rex</span> <span class='ocrx_word' id='word_1_171' title='bbox 1449 1772 1504 1821; x_wconf 92' lang='lat' dir='ltr'>in</span> <span class='ocrx_word' id='word_1_172' title='bbox 1542 1770 1941 1821; x_wconf 79' lang='lat' dir='ltr'>Baioariorumz</span> <span class='ocrx_word' id='word_1_173' title='bbox 1989 1787 2075 1820; x_wconf 78' lang='lat' dir='ltr'>ex-</span> 
     </span>
     <span class='ocr_line' id='line_1_24' title="bbox 204 1840 2072 1906; baseline -0.001 -14"><span class='ocrx_word' id='word_1_174' title='bbox 204 1841 566 1893; x_wconf 85' lang='lat' dir='ltr'>tremitatibus</span> <span class='ocrx_word' id='word_1_175' title='bbox 621 1841 951 1905; x_wconf 85' lang='lat' dir='ltr'>morabatur,</span> <span class='ocrx_word' id='word_1_176' title='bbox 1012 1840 1347 1892; x_wconf 87' lang='lat' dir='ltr'>insolentiam</span> <span class='ocrx_word' id='word_1_177' title='bbox 1402 1840 1707 1892; x_wconf 83' lang='lat' dir='ltr'>Sclavorum</span> <span class='ocrx_word' id='word_1_178' title='bbox 1758 1840 2072 1906; x_wconf 73' lang='lat' dir='ltr'>reprimens3</span> 
     </span>
     <span class='ocr_line' id='line_1_25' title="bbox 204 1910 2071 1978; baseline -0.001 -16"><span class='ocrx_word' id='word_1_179' title='bbox 204 1913 290 1962; x_wconf 88' lang='lat' dir='ltr'>cui</span> <span class='ocrx_word' id='word_1_180' title='bbox 320 1929 439 1963; x_wconf 92' lang='lat' dir='ltr'>cum</span> <span class='ocrx_word' id='word_1_181' title='bbox 469 1913 745 1964; x_wconf 72' lang='lat' dir='ltr'>nuntiataa</span> <span class='ocrx_word' id='word_1_182' title='bbox 775 1916 914 1963; x_wconf 93' lang='lat' dir='ltr'>esset</span> <span class='ocrx_word' id='word_1_183' title='bbox 945 1928 1161 1963; x_wconf 86' lang='lat' dir='ltr'>suorum</span> <span class='ocrx_word' id='word_1_184' title='bbox 1193 1913 1427 1978; x_wconf 83' lang='lat' dir='ltr'>stragesb</span> <span class='ocrx_word' id='word_1_185' title='bbox 1459 1910 1801 1977; x_wconf 85' lang='lat' dir='ltr'>hostiumque</span> <span class='ocrx_word' id='word_1_186' title='bbox 1833 1911 2071 1973; x_wconf 83' lang='lat' dir='ltr'>victoria,</span> 
     </span>
     <span class='ocr_line' id='line_1_26' title="bbox 201 1981 2074 2049; baseline -0.001 -16"><span class='ocrx_word' id='word_1_187' title='bbox 201 1983 370 2049; x_wconf 90' lang='lat' dir='ltr'>primo</span> <span class='ocrx_word' id='word_1_188' title='bbox 408 2000 502 2049; x_wconf 87' lang='lat' dir='ltr'>pro</span> <span class='ocrx_word' id='word_1_189' title='bbox 541 1984 750 2034; x_wconf 89' lang='lat' dir='ltr'>amissis</span> <span class='ocrx_word' id='word_1_190' title='bbox 780 1981 1026 2033; x_wconf 83' lang='lat' dir='ltr'>fidelibus</span> <span class='ocrx_word' id='word_1_191' title='bbox 1056 1982 1279 2032; x_wconf 90' lang='lat' dir='ltr'>nimium</span> <span class='ocrx_word' id='word_1_192' title='bbox 1312 1983 1688 2034; x_wconf 81' lang='lat' dir='ltr'>contristaturc</span> <span class='ocrx_word' id='word_1_193' title='bbox 1720 1986 1772 2032; x_wconf 92' lang='lat' dir='ltr'>et</span> <span class='ocrx_word' id='word_1_194' title='bbox 1804 1982 2074 2046; x_wconf 90' lang='lat' dir='ltr'>querelam</span> 
     </span>
     <span class='ocr_line' id='line_1_27' title="bbox 204 2051 2074 2120; baseline -0.001 -17"><span class='ocrx_word' id='word_1_195' title='bbox 204 2070 323 2104; x_wconf 91' lang='lat' dir='ltr'>cum</span> <span class='ocrx_word' id='word_1_196' title='bbox 354 2054 550 2119; x_wconf 88' lang='lat' dir='ltr'>gemitu</span> <span class='ocrx_word' id='word_1_197' title='bbox 582 2053 842 2120; x_wconf 71' lang='lat' dir='ltr'>deponitd,</span> <span class='ocrx_word' id='word_1_198' title='bbox 882 2052 1026 2120; x_wconf 83' lang='lat' dir='ltr'>quod</span> <span class='ocrx_word' id='word_1_199' title='bbox 1060 2053 1249 2103; x_wconf 86' lang='lat' dir='ltr'>Franci</span> <span class='ocrx_word' id='word_1_200' title='bbox 1281 2058 1498 2104; x_wconf 84' lang='lat' dir='ltr'>eotenus</span> <span class='ocrx_word' id='word_1_201' title='bbox 1536 2052 1718 2104; x_wconf 82' lang='lat' dir='ltr'>invicti</span> <span class='ocrx_word' id='word_1_202' title='bbox 1756 2051 2074 2103; x_wconf 84' lang='lat' dir='ltr'>adversariis</span> 
     </span>
     <span class='ocr_line' id='line_1_28' title="bbox 202 2122 2074 2190; baseline 0 -16"><span class='ocrx_word' id='word_1_203' title='bbox 202 2129 354 2189; x_wconf 88' lang='lat' dir='ltr'>terga</span> <span class='ocrx_word' id='word_1_204' title='bbox 402 2123 610 2176; x_wconf 89' lang='lat' dir='ltr'>darent:</span> <span class='ocrx_word' id='word_1_205' title='bbox 662 2123 853 2175; x_wconf 89' lang='lat' dir='ltr'>deinde</span> <span class='ocrx_word' id='word_1_206' title='bbox 901 2122 1274 2190; x_wconf 83' lang='lat' dir='ltr'>indignitatem</span> <span class='ocrx_word' id='word_1_207' title='bbox 1322 2124 1400 2174; x_wconf 86' lang='lat' dir='ltr'>rei</span> <span class='ocrx_word' id='word_1_208' title='bbox 1449 2123 1688 2175; x_wconf 80' lang='lat' dir='ltr'>animoso</span> <span class='ocrx_word' id='word_1_209' title='bbox 1733 2123 1787 2174; x_wconf 92' lang='lat' dir='ltr'>in</span> <span class='ocrx_word' id='word_1_210' title='bbox 1833 2128 2074 2188; x_wconf 71' lang='lat' dir='ltr'>pectoree</span> 
     </span>
     <span class='ocr_line' id='line_1_29' title="bbox 202 2193 2074 2261; baseline 0.001 -17"><span class='ocrx_word' id='word_1_211' title='bbox 202 2211 418 2245; x_wconf 82' lang='lat' dir='ltr'>versans</span> <span class='ocrx_word' id='word_1_212' title='bbox 457 2195 513 2245; x_wconf 91' lang='lat' dir='ltr'>in</span> <span class='ocrx_word' id='word_1_213' title='bbox 550 2195 754 2247; x_wconf 89' lang='lat' dir='ltr'>hostem</span> <span class='ocrx_word' id='word_1_214' title='bbox 794 2193 1128 2246; x_wconf 86' lang='lat' dir='ltr'>accenditurf</span> <span class='ocrx_word' id='word_1_215' title='bbox 1170 2198 1221 2246; x_wconf 90' lang='lat' dir='ltr'>et</span> <span class='ocrx_word' id='word_1_216' title='bbox 1260 2199 1575 2261; x_wconf 87' lang='lat' dir='ltr'>congregato</span> <span class='ocrx_word' id='word_1_217' title='bbox 1624 2212 1686 2245; x_wconf 86' lang='lat' dir='ltr'>ex</span> <span class='ocrx_word' id='word_1_218' title='bbox 1726 2193 2074 2245; x_wconf 87' lang='lat' dir='ltr'>orientalibus</span> 
     </span>
     <span class='ocr_line' id='line_1_30' title="bbox 203 2263 2074 2331; baseline 0.001 -16"><span class='ocrx_word' id='word_1_219' title='bbox 203 2264 413 2331; x_wconf 86' lang='lat' dir='ltr'>regnisg</span> <span class='ocrx_word' id='word_1_220' title='bbox 457 2266 693 2318; x_wconf 86' lang='lat' dir='ltr'>exercitu</span> <span class='ocrx_word' id='word_1_221' title='bbox 737 2282 861 2316; x_wconf 83' lang='lat' dir='ltr'>mox</span> <span class='ocrx_word' id='word_1_222' title='bbox 904 2264 1088 2316; x_wconf 88' lang='lat' dir='ltr'>Rheno</span> <span class='ocrx_word' id='word_1_223' title='bbox 1133 2265 1448 2316; x_wconf 88' lang='lat' dir='ltr'>transmisso</span> <span class='ocrx_word' id='word_1_224' title='bbox 1495 2266 1636 2316; x_wconf 88' lang='lat' dir='ltr'>circa</span> <span class='ocrx_word' id='word_1_225' title='bbox 1688 2263 1849 2315; x_wconf 88' lang='lat' dir='ltr'>litora</span> <span class='ocrx_word' id='word_1_226' title='bbox 1896 2263 2074 2316; x_wconf 88' lang='lat' dir='ltr'>Mosae</span> 
     </span>
     <span class='ocr_line' id='line_1_31' title="bbox 203 2333 2076 2401; baseline 0.001 -16"><span class='ocrx_word' id='word_1_227' title='bbox 203 2341 381 2386; x_wconf 87' lang='lat' dir='ltr'>castra</span> <span class='ocrx_word' id='word_1_228' title='bbox 428 2337 632 2390; x_wconf 87' lang='lat' dir='ltr'>statuit.</span> <span class='ocrx_word' id='word_1_229' title='bbox 716 2335 1016 2388; x_wconf 86' lang='lat' dir='ltr'>Interiectis</span> <span class='ocrx_word' id='word_1_230' title='bbox 1064 2333 1251 2386; x_wconf 89' lang='lat' dir='ltr'>diebus</span> <span class='ocrx_word' id='word_1_231' title='bbox 1301 2335 1652 2386; x_wconf 83' lang='lat' dir='ltr'>Nortmannih</span> <span class='ocrx_word' id='word_1_232' title='bbox 1700 2351 1763 2386; x_wconf 87' lang='lat' dir='ltr'>ex</span> <span class='ocrx_word' id='word_1_233' title='bbox 1812 2336 2076 2401; x_wconf 86' lang='lat' dir='ltr'>superiori</span> 
     </span>
     <span class='ocr_line' id='line_1_32' title="bbox 203 2404 2073 2472; baseline 0 -16"><span class='ocrx_word' id='word_1_234' title='bbox 203 2422 383 2471; x_wconf 88' lang='lat' dir='ltr'>pugna</span> <span class='ocrx_word' id='word_1_235' title='bbox 413 2408 542 2458; x_wconf 90' lang='lat' dir='ltr'>elati</span> <span class='ocrx_word' id='word_1_236' title='bbox 573 2424 692 2458; x_wconf 90' lang='lat' dir='ltr'>cum</span> <span class='ocrx_word' id='word_1_237' title='bbox 724 2406 869 2459; x_wconf 91' lang='lat' dir='ltr'>omni</span> <span class='ocrx_word' id='word_1_238' title='bbox 899 2406 1093 2458; x_wconf 85' lang='lat' dir='ltr'>virtute</span> <span class='ocrx_word' id='word_1_239' title='bbox 1126 2405 1195 2457; x_wconf 89' lang='lat' dir='ltr'>ad</span> <span class='ocrx_word' id='word_1_240' title='bbox 1219 2405 1617 2472; x_wconf 86' lang='lat' dir='ltr'>depredandum</span> <span class='ocrx_word' id='word_1_241' title='bbox 1641 2404 2073 2472; x_wconf 81' lang='lat' dir='ltr'>proficiscuntur3</span> 
     </span>
     <span class='ocr_line' id='line_1_33' title="bbox 205 2476 2075 2544; baseline 0 -18"><span class='ocrx_word' id='word_1_242' title='bbox 205 2481 390 2527; x_wconf 86' lang='lat' dir='ltr'>contra</span> <span class='ocrx_word' id='word_1_243' title='bbox 440 2493 574 2542; x_wconf 86' lang='lat' dir='ltr'>quos</span> <span class='ocrx_word' id='word_1_244' title='bbox 622 2494 715 2528; x_wconf 79' lang='lat' dir='ltr'>rex</span> <span class='ocrx_word' id='word_1_245' title='bbox 765 2494 884 2528; x_wconf 88' lang='lat' dir='ltr'>cum</span> <span class='ocrx_word' id='word_1_246' title='bbox 934 2476 1194 2543; x_wconf 85' lang='lat' dir='ltr'>expeditis</span> <span class='ocrx_word' id='word_1_247' title='bbox 1244 2476 1313 2528; x_wconf 89' lang='lat' dir='ltr'>ad</span> <span class='ocrx_word' id='word_1_248' title='bbox 1362 2494 1594 2544; x_wconf 90' lang='lat' dir='ltr'>pugnam</span> <span class='ocrx_word' id='word_1_249' title='bbox 1642 2476 1896 2542; x_wconf 88' lang='lat' dir='ltr'>procedit.</span> <span class='ocrx_word' id='word_1_250' title='bbox 1991 2476 2075 2527; x_wconf 89' lang='lat' dir='ltr'>Illi</span> 
     </span>
     <span class='ocr_line' id='line_1_34' title="bbox 206 2545 2076 2615; baseline 0 -19"><span class='ocrx_word' id='word_1_251' title='bbox 206 2551 478 2598; x_wconf 85' lang='lat' dir='ltr'>cernentes</span> <span class='ocrx_word' id='word_1_252' title='bbox 523 2548 666 2598; x_wconf 89' lang='lat' dir='ltr'>acies</span> <span class='ocrx_word' id='word_1_253' title='bbox 705 2547 1135 2615; x_wconf 87' lang='lat' dir='ltr'>appropinquare</span> <span class='ocrx_word' id='word_1_254' title='bbox 1175 2563 1334 2614; x_wconf 88' lang='lat' dir='ltr'>super</span> <span class='ocrx_word' id='word_1_255' title='bbox 1371 2547 1609 2609; x_wconf 84' lang='lat' dir='ltr'>fiuvium,</span> <span class='ocrx_word' id='word_1_256' title='bbox 1658 2547 1748 2612; x_wconf 89' lang='lat' dir='ltr'>qui</span> <span class='ocrx_word' id='word_1_257' title='bbox 1786 2545 1959 2597; x_wconf 88' lang='lat' dir='ltr'>Thilia</span> <span class='ocrx_word' id='word_1_258' title='bbox 1999 2546 2076 2597; x_wconf 91' lang='lat' dir='ltr'>di-</span> 
     </span>
     <span class='ocr_line' id='line_1_35' title="bbox 207 2615 2077 2684; baseline 0.001 -17"><span class='ocrx_word' id='word_1_259' title='bbox 207 2615 400 2680; x_wconf 85' lang='lat' dir='ltr'>citur2,</span> <span class='ocrx_word' id='word_1_260' title='bbox 446 2617 587 2684; x_wconf 88' lang='lat' dir='ltr'>ligno</span> <span class='ocrx_word' id='word_1_261' title='bbox 634 2622 686 2669; x_wconf 92' lang='lat' dir='ltr'>et</span> <span class='ocrx_word' id='word_1_262' title='bbox 728 2624 905 2668; x_wconf 86' lang='lat' dir='ltr'>terrae</span> <span class='ocrx_word' id='word_1_263' title='bbox 951 2617 1193 2684; x_wconf 85' lang='lat' dir='ltr'>congerie</span> <span class='ocrx_word' id='word_1_264' title='bbox 1236 2634 1381 2668; x_wconf 87' lang='lat' dir='ltr'>more</span> <span class='ocrx_word' id='word_1_265' title='bbox 1420 2617 1573 2668; x_wconf 90' lang='lat' dir='ltr'>solito</span> <span class='ocrx_word' id='word_1_266' title='bbox 1613 2634 1668 2668; x_wconf 90' lang='lat' dir='ltr'>se</span> <span class='ocrx_word' id='word_1_267' title='bbox 1716 2618 2077 2668; x_wconf 90' lang='lat' dir='ltr'>communiunt</span> 
     </span>
     <span class='ocr_line' id='line_1_36' title="bbox 207 2686 2074 2755; baseline -0.001 -17"><span class='ocrx_word' id='word_1_268' title='bbox 207 2692 259 2738; x_wconf 91' lang='lat' dir='ltr'>et</span> <span class='ocrx_word' id='word_1_269' title='bbox 297 2687 569 2740; x_wconf 89' lang='lat' dir='ltr'>cachinnis</span> <span class='ocrx_word' id='word_1_270' title='bbox 609 2693 662 2739; x_wconf 90' lang='lat' dir='ltr'>et</span> <span class='ocrx_word' id='word_1_271' title='bbox 701 2686 1230 2755; x_wconf 78' lang='lat' dir='ltr'>exprobrationibusi</span> <span class='ocrx_word' id='word_1_272' title='bbox 1261 2689 1475 2754; x_wconf 88' lang='lat' dir='ltr'>agmina</span> <span class='ocrx_word' id='word_1_273' title='bbox 1514 2686 1808 2748; x_wconf 89' lang='lat' dir='ltr'>lacessunt,</span> <span class='ocrx_word' id='word_1_274' title='bbox 1856 2687 2074 2753; x_wconf 87' lang='lat' dir='ltr'>ingemi-</span> 
     </span>
     <span class='ocr_line' id='line_1_37' title="bbox 206 2757 2075 2820; baseline 0 -12"><span class='ocrx_word' id='word_1_275' title='bbox 206 2763 395 2809; x_wconf 89' lang='lat' dir='ltr'>nantes</span> <span class='ocrx_word' id='word_1_276' title='bbox 435 2775 552 2809; x_wconf 91' lang='lat' dir='ltr'>cum</span> <span class='ocrx_word' id='word_1_277' title='bbox 590 2757 937 2809; x_wconf 86' lang='lat' dir='ltr'>insultatione</span> <span class='ocrx_word' id='word_1_278' title='bbox 986 2763 1038 2810; x_wconf 93' lang='lat' dir='ltr'>et</span> <span class='ocrx_word' id='word_1_279' title='bbox 1075 2757 1278 2820; x_wconf 88' lang='lat' dir='ltr'>derisu,</span> <span class='ocrx_word' id='word_1_280' title='bbox 1328 2762 1389 2809; x_wconf 92' lang='lat' dir='ltr'>ut</span> <span class='ocrx_word' id='word_1_281' title='bbox 1425 2762 1848 2808; x_wconf 85' lang='lat' dir='ltr'>memorarentur</span> <span class='ocrx_word' id='word_1_282' title='bbox 1889 2757 2075 2808; x_wconf 87' lang='lat' dir='ltr'>Guliae</span> 
     </span>
     <span class='ocr_line' id='line_1_38' title="bbox 207 2826 2075 2895; baseline -0.001 -17"><span class='ocrx_word' id='word_1_283' title='bbox 207 2828 486 2895; x_wconf 87' lang='lat' dir='ltr'>turpisque</span> <span class='ocrx_word' id='word_1_284' title='bbox 535 2828 690 2895; x_wconf 82' lang='lat' dir='ltr'>fugae</span> <span class='ocrx_word' id='word_1_285' title='bbox 740 2828 1022 2895; x_wconf 87' lang='lat' dir='ltr'>caedisque</span> <span class='ocrx_word' id='word_1_286' title='bbox 1070 2833 1342 2893; x_wconf 83' lang='lat' dir='ltr'>patratae,</span> <span class='ocrx_word' id='word_1_287' title='bbox 1399 2836 1517 2894; x_wconf 90' lang='lat' dir='ltr'>post</span> <span class='ocrx_word' id='word_1_288' title='bbox 1566 2826 1830 2878; x_wconf 88' lang='lat' dir='ltr'>modicum</span> <span class='ocrx_word' id='word_1_289' title='bbox 1880 2828 2075 2878; x_wconf 82' lang='lat' dir='ltr'>similia</span> 
     </span>
     <span class='ocr_line' id='line_1_39' title="bbox 205 2896 2076 2966; baseline -0.001 -17"><span class='ocrx_word' id='word_1_290' title='bbox 205 2900 435 2966; x_wconf 85' lang='lat' dir='ltr'>passuri.</span> <span class='ocrx_word' id='word_1_291' title='bbox 510 2899 623 2950; x_wconf 86' lang='lat' dir='ltr'>Rex</span> <span class='ocrx_word' id='word_1_292' title='bbox 659 2898 781 2950; x_wconf 83' lang='lat' dir='ltr'>felle</span> <span class='ocrx_word' id='word_1_293' title='bbox 821 2903 1112 2951; x_wconf 87' lang='lat' dir='ltr'>commotus</span> <span class='ocrx_word' id='word_1_294' title='bbox 1152 2898 1442 2950; x_wconf 88' lang='lat' dir='ltr'>exercitum</span> <span class='ocrx_word' id='word_1_295' title='bbox 1483 2897 1630 2949; x_wconf 90' lang='lat' dir='ltr'>iubet</span> <span class='ocrx_word' id='word_1_296' title='bbox 1668 2896 1986 2948; x_wconf 87' lang='lat' dir='ltr'>descendere</span> <span class='ocrx_word' id='word_1_297' title='bbox 2025 2904 2076 2949; x_wconf 89' lang='lat' dir='ltr'>et</span> 
     </span>
    </p>
   </div>
   <div class='ocr_carea' id='block_1_3' title="bbox 207 2988 2077 3453">
    <p class='ocr_par' dir='ltr' id='par_1_4' title="bbox 207 2988 2077 3453">
     <span class='ocr_line' id='line_1_40' title="bbox 207 2988 2075 3031; baseline -0.001 -10"><span class='ocrx_word' id='word_1_298' title='bbox 207 2990 242 3030; x_wconf 85' lang='lat' dir='ltr'>a)</span> <span class='ocrx_word' id='word_1_299' title='bbox 267 2989 343 3022; x_wconf 85' lang='lat' dir='ltr'>dies</span> <span class='ocrx_word' id='word_1_300' title='bbox 367 2991 398 3021; x_wconf 99' lang='grc' dir='ltr'><strong><em>Β</em></strong></span> <span class='ocrx_word' id='word_1_301' title='bbox 414 2991 444 3021; x_wconf 90' lang='lat'>3.</span> <span class='ocrx_word' id='word_1_302' title='bbox 528 2990 574 3031; x_wconf 85' lang='lat' dir='ltr'>a‘)</span> <span class='ocrx_word' id='word_1_303' title='bbox 596 2998 725 3022; x_wconf 88' lang='lat' dir='ltr'>aurora</span> <span class='ocrx_word' id='word_1_304' title='bbox 739 2990 967 3021; x_wconf 83' lang='lat' dir='ltr'>illucesceret</span> <span class='ocrx_word' id='word_1_305' title='bbox 985 2989 1046 3028; x_wconf 88' lang='lat' dir='ltr'><strong><em>(A)</em></strong></span> <span class='ocrx_word' id='word_1_306' title='bbox 1062 2989 1139 3028; x_wconf 85' lang='lat' dir='ltr'>Al;</span> <span class='ocrx_word' id='word_1_307' title='bbox 1163 2988 1405 3020; x_wconf 82' lang='lat' dir='ltr'>Illucescente</span> <span class='ocrx_word' id='word_1_308' title='bbox 1423 2996 1552 3020; x_wconf 81' lang='lat' dir='ltr'>aurora</span> <span class='ocrx_word' id='word_1_309' title='bbox 1567 2990 1638 3020; x_wconf 87' lang='lat' dir='ltr'><strong><em>A3.</em></strong></span> <span class='ocrx_word' id='word_1_310' title='bbox 1714 2988 1752 3027; x_wconf 88' lang='lat' dir='ltr'>b)</span> <span class='ocrx_word' id='word_1_311' title='bbox 1777 2996 1865 3026; x_wconf 75' lang='lat' dir='ltr'>expe</span> <span class='ocrx_word' id='word_1_312' title='bbox 1884 2989 1960 3026; x_wconf 80' lang='grc' dir='ltr'>Β2;</span> <span class='ocrx_word' id='word_1_313' title='bbox 1987 2997 2075 3027; x_wconf 85' lang='lat' dir='ltr'>expe</span> 
     </span>
     <span class='ocr_line' id='line_1_41' title="bbox 208 3030 2073 3073; baseline -0.001 -10"><span class='ocrx_word' id='word_1_314' title='bbox 208 3042 298 3063; x_wconf 86' lang='lat' dir='ltr'>corr.</span> <span class='ocrx_word' id='word_1_315' title='bbox 314 3040 422 3071; x_wconf 82' lang='lat' dir='ltr'>exspe</span> <span class='ocrx_word' id='word_1_316' title='bbox 438 3032 470 3063; x_wconf 91' lang='lat' dir='ltr'><em>B</em></span> <span class='ocrx_word' id='word_1_317' title='bbox 488 3035 517 3066; x_wconf 87' lang='lat' dir='ltr'>l.</span> <span class='ocrx_word' id='word_1_318' title='bbox 576 3032 608 3073; x_wconf 90' lang='lat' dir='ltr'>c)</span> <span class='ocrx_word' id='word_1_319' title='bbox 631 3032 828 3072; x_wconf 86' lang='lat' dir='ltr'>procedunt</span> <span class='ocrx_word' id='word_1_320' title='bbox 850 3033 892 3064; x_wconf 87' lang='lat' dir='ltr'>A.</span> <span class='ocrx_word' id='word_1_321' title='bbox 954 3031 989 3071; x_wconf 88' lang='lat' dir='ltr'>d)</span> <span class='ocrx_word' id='word_1_322' title='bbox 1013 3034 1212 3063; x_wconf 85' lang='lat' dir='ltr'>correntem</span> <span class='ocrx_word' id='word_1_323' title='bbox 1238 3031 1268 3062; x_wconf 99' lang='lat' dir='ltr'><strong><em>A</em></strong></span> <span class='ocrx_word' id='word_1_324' title='bbox 1286 3034 1315 3062; x_wconf 85' lang='lat'>1.</span> <span class='ocrx_word' id='word_1_325' title='bbox 1377 3030 1409 3070; x_wconf 84' lang='lat' dir='ltr'>e)</span> <span class='ocrx_word' id='word_1_326' title='bbox 1434 3031 1497 3062; x_wconf 87' lang='lat' dir='ltr'>sed</span> <span class='ocrx_word' id='word_1_327' title='bbox 1520 3033 1551 3063; x_wconf 91' lang='lat' dir='ltr'><strong><em>A</em></strong></span> <span class='ocrx_word' id='word_1_328' title='bbox 1569 3035 1599 3062; x_wconf 86' lang='lat'>1.</span> <span class='ocrx_word' id='word_1_329' title='bbox 1625 3032 1656 3062; x_wconf 89' lang='grc' dir='ltr'><strong><em>Β</em></strong></span> <span class='ocrx_word' id='word_1_330' title='bbox 1672 3032 1703 3062; x_wconf 90' lang='lat'>3.</span> <span class='ocrx_word' id='word_1_331' title='bbox 1766 3030 1794 3069; x_wconf 86' lang='lat' dir='ltr'>f&gt;</span> <span class='ocrx_word' id='word_1_332' title='bbox 1820 3039 1984 3069; x_wconf 85' lang='lat' dir='ltr'>unusque</span> <span class='ocrx_word' id='word_1_333' title='bbox 2003 3032 2073 3062; x_wconf 85' lang='grc' dir='ltr'>Β2.</span> 
     </span>
     <span class='ocr_line' id='line_1_42' title="bbox 207 3073 2075 3115; baseline -0.001 -10"><span class='ocrx_word' id='word_1_334' title='bbox 207 3073 244 3114; x_wconf 84' lang='lat' dir='ltr'>g)</span> <span class='ocrx_word' id='word_1_335' title='bbox 267 3074 357 3106; x_wconf 68' lang='lat' dir='ltr'>deest</span> <span class='ocrx_word' id='word_1_336' title='bbox 372 3075 441 3105; x_wconf 84' lang='lat' dir='ltr'>Al.</span> <span class='ocrx_word' id='word_1_337' title='bbox 486 3074 527 3115; x_wconf 90' lang='lat' dir='ltr'>h)</span> <span class='ocrx_word' id='word_1_338' title='bbox 551 3075 640 3106; x_wconf 72' lang='lat' dir='ltr'>deest</span> <span class='ocrx_word' id='word_1_339' title='bbox 656 3075 698 3108; x_wconf 91' lang='lat' dir='ltr'><strong><em>A.</em></strong></span> <span class='ocrx_word' id='word_1_340' title='bbox 743 3075 768 3114; x_wconf 88' lang='lat' dir='ltr'>i)</span> <span class='ocrx_word' id='word_1_341' title='bbox 790 3084 903 3106; x_wconf 86' lang='lat' dir='ltr'>norm.</span> <span class='ocrx_word' id='word_1_342' title='bbox 922 3074 992 3105; x_wconf 90' lang='lat' dir='ltr'>Al.</span> <span class='ocrx_word' id='word_1_343' title='bbox 1012 3075 1084 3106; x_wconf 82' lang='lat'><strong><em>132.</em></strong></span> <span class='ocrx_word' id='word_1_344' title='bbox 1130 3073 1168 3110; x_wconf 92' lang='lat' dir='ltr'>k)</span> <span class='ocrx_word' id='word_1_345' title='bbox 1190 3075 1468 3112; x_wconf 85' lang='lat' dir='ltr'>insequerentur</span> <span class='ocrx_word' id='word_1_346' title='bbox 1485 3074 1557 3105; x_wconf 84' lang='lat' dir='ltr'>B3.</span> <span class='ocrx_word' id='word_1_347' title='bbox 1612 3073 1640 3112; x_wconf 92' lang='lat' dir='ltr'>l)</span> <span class='ocrx_word' id='word_1_348' title='bbox 1664 3073 1701 3102; x_wconf 87' lang='lat' dir='ltr'>in</span> <span class='ocrx_word' id='word_1_349' title='bbox 1717 3073 1896 3111; x_wconf 84' lang='lat' dir='ltr'>quandam</span> <span class='ocrx_word' id='word_1_350' title='bbox 1914 3073 2075 3103; x_wconf 74' lang='lat' dir='ltr'>villulam</span> 
     </span>
     <span class='ocr_line' id='line_1_43' title="bbox 216 3115 2077 3157; baseline -0.001 -10"><span class='ocrx_word' id='word_1_351' title='bbox 216 3118 328 3149; x_wconf 81' lang='grc' dir='ltr'><strong><em>Β2.3.</em></strong></span> <span class='ocrx_word' id='word_1_352' title='bbox 376 3116 426 3157; x_wconf 89' lang='lat' dir='ltr'>m)</span> <span class='ocrx_word' id='word_1_353' title='bbox 442 3117 620 3156; x_wconf 84' lang='lat' dir='ltr'>pharetris</span> <span class='ocrx_word' id='word_1_354' title='bbox 637 3118 706 3150; x_wconf 83' lang='lat' dir='ltr'><strong><em>A3.</em></strong></span> <span class='ocrx_word' id='word_1_355' title='bbox 754 3117 792 3157; x_wconf 91' lang='lat' dir='ltr'>n)</span> <span class='ocrx_word' id='word_1_356' title='bbox 806 3116 944 3148; x_wconf 81' lang='lat' dir='ltr'>nordm.</span> <span class='ocrx_word' id='word_1_357' title='bbox 959 3117 1032 3155; x_wconf 82' lang='lat' dir='ltr'>A13</span> <span class='ocrx_word' id='word_1_358' title='bbox 1056 3125 1172 3147; x_wconf 89' lang='lat' dir='ltr'>norm.</span> <span class='ocrx_word' id='word_1_359' title='bbox 1185 3125 1272 3148; x_wconf 85' lang='lat' dir='ltr'>corr.</span> <span class='ocrx_word' id='word_1_360' title='bbox 1286 3119 1416 3147; x_wconf 80' lang='lat' dir='ltr'>nortm.</span> <span class='ocrx_word' id='word_1_361' title='bbox 1432 3116 1502 3146; x_wconf 81' lang='grc' dir='ltr'>Β2.</span> <span class='ocrx_word' id='word_1_362' title='bbox 1550 3115 1582 3154; x_wconf 93' lang='lat' dir='ltr'>o)</span> <span class='ocrx_word' id='word_1_363' title='bbox 1600 3119 1748 3153; x_wconf 73' lang='lat' dir='ltr'>gravato</span> <span class='ocrx_word' id='word_1_364' title='bbox 1764 3116 1794 3146; x_wconf 87' lang='lat' dir='ltr'><strong><em>A</em></strong></span> <span class='ocrx_word' id='word_1_365' title='bbox 1807 3119 1834 3146; x_wconf 84' lang='lat' dir='ltr'>l.</span> <span class='ocrx_word' id='word_1_366' title='bbox 1881 3116 1918 3154; x_wconf 84' lang='lat' dir='ltr'>p)</span> <span class='ocrx_word' id='word_1_367' title='bbox 1935 3124 2077 3148; x_wconf 61' lang='lat' dir='ltr'>magon-</span> 
     </span>
     <span class='ocr_line' id='line_1_44' title="bbox 207 3156 2072 3198; baseline -0.001 -9"><span class='ocrx_word' id='word_1_368' title='bbox 207 3160 304 3190; x_wconf 80' lang='lat' dir='ltr'>tinae</span> <span class='ocrx_word' id='word_1_369' title='bbox 334 3159 365 3190; x_wconf 89' lang='lat' dir='ltr'><strong><em>A</em></strong></span> <span class='ocrx_word' id='word_1_370' title='bbox 390 3162 425 3198; x_wconf 86' lang='lat'>1;</span> <span class='ocrx_word' id='word_1_371' title='bbox 467 3161 701 3198; x_wconf 79' lang='lat' dir='ltr'>moguntinus</span> <span class='ocrx_word' id='word_1_372' title='bbox 733 3160 764 3191; x_wconf 91' lang='lat' dir='ltr'><strong><em>A</em></strong></span> <span class='ocrx_word' id='word_1_373' title='bbox 788 3161 826 3197; x_wconf 91' lang='lat'>3;</span> <span class='ocrx_word' id='word_1_374' title='bbox 872 3159 1119 3198; x_wconf 83' lang='lat' dir='ltr'>mogonciacie</span> <span class='ocrx_word' id='word_1_375' title='bbox 1152 3158 1184 3189; x_wconf 92' lang='grc' dir='ltr'><strong><em>Β</em></strong></span> <span class='ocrx_word' id='word_1_376' title='bbox 1207 3160 1244 3197; x_wconf 79' lang='grc' dir='ltr'>2ς</span> <span class='ocrx_word' id='word_1_377' title='bbox 1289 3159 1534 3197; x_wconf 78' lang='lat' dir='ltr'>magontiacae</span> <span class='ocrx_word' id='word_1_378' title='bbox 1570 3159 1601 3189; x_wconf 89' lang='grc' dir='ltr'><strong><em>Β</em></strong></span> <span class='ocrx_word' id='word_1_379' title='bbox 1630 3159 1660 3189; x_wconf 89' lang='lat'>3.</span> <span class='ocrx_word' id='word_1_380' title='bbox 1763 3157 1798 3197; x_wconf 90' lang='lat' dir='ltr'>q)</span> <span class='ocrx_word' id='word_1_381' title='bbox 1831 3156 1957 3188; x_wconf 89' lang='lat' dir='ltr'>Gunzo</span> <span class='ocrx_word' id='word_1_382' title='bbox 1989 3158 2019 3188; x_wconf 98' lang='lat' dir='ltr'><strong><em>A</em></strong></span> <span class='ocrx_word' id='word_1_383' title='bbox 2045 3161 2072 3188; x_wconf 89' lang='lat'>1.</span> 
     </span>
     <span class='ocr_line' id='line_1_45' title="bbox 208 3199 2073 3242; baseline -0.001 -11"><span class='ocrx_word' id='word_1_384' title='bbox 208 3200 240 3240; x_wconf 91' lang='lat' dir='ltr'>r)</span> <span class='ocrx_word' id='word_1_385' title='bbox 265 3201 426 3232; x_wconf 78' lang='lat' dir='ltr'>arnolfus</span> <span class='ocrx_word' id='word_1_386' title='bbox 451 3202 482 3233; x_wconf 95' lang='lat' dir='ltr'><strong><em>A</em></strong></span> <span class='ocrx_word' id='word_1_387' title='bbox 498 3204 528 3233; x_wconf 89' lang='lat'>1.</span> <span class='ocrx_word' id='word_1_388' title='bbox 554 3203 585 3234; x_wconf 95' lang='grc' dir='ltr'><strong><em>Β</em></strong></span> <span class='ocrx_word' id='word_1_389' title='bbox 601 3203 632 3233; x_wconf 81' lang='grc'>2.</span> <span class='ocrx_word' id='word_1_390' title='bbox 722 3201 754 3242; x_wconf 86' lang='lat' dir='ltr'>s)</span> <span class='ocrx_word' id='word_1_391' title='bbox 778 3202 870 3234; x_wconf 73' lang='lat' dir='ltr'>deest</span> <span class='ocrx_word' id='word_1_392' title='bbox 892 3202 971 3233; x_wconf 86' lang='grc' dir='ltr'>Β2.</span> <span class='ocrx_word' id='word_1_393' title='bbox 1061 3202 1088 3240; x_wconf 85' lang='lat' dir='ltr'>t)</span> <span class='ocrx_word' id='word_1_394' title='bbox 1118 3201 1258 3232; x_wconf 87' lang='lat' dir='ltr'>nordm.</span> <span class='ocrx_word' id='word_1_395' title='bbox 1283 3201 1314 3232; x_wconf 92' lang='lat' dir='ltr'><strong><em>A</em></strong></span> <span class='ocrx_word' id='word_1_396' title='bbox 1330 3204 1365 3238; x_wconf 80' lang='lat'>13</span> <span class='ocrx_word' id='word_1_397' title='bbox 1396 3209 1506 3232; x_wconf 84' lang='lat' dir='ltr'>norm.</span> <span class='ocrx_word' id='word_1_398' title='bbox 1537 3201 1567 3231; x_wconf 92' lang='lat' dir='ltr'><strong><em>B</em></strong></span> <span class='ocrx_word' id='word_1_399' title='bbox 1585 3202 1615 3231; x_wconf 82' lang='lat'>2.</span> <span class='ocrx_word' id='word_1_400' title='bbox 1707 3199 1744 3236; x_wconf 77' lang='lat' dir='ltr'>u)</span> <span class='ocrx_word' id='word_1_401' title='bbox 1774 3203 1898 3239; x_wconf 88' lang='lat' dir='ltr'>parata</span> <span class='ocrx_word' id='word_1_402' title='bbox 1925 3200 1955 3231; x_wconf 88' lang='lat' dir='ltr'><strong><em>A</em></strong></span> <span class='ocrx_word' id='word_1_403' title='bbox 1974 3202 2004 3233; x_wconf 84' lang='lat' dir='ltr'>l:</span> <span class='ocrx_word' id='word_1_404' title='bbox 2038 3208 2073 3238; x_wconf 88' lang='lat' dir='ltr'>p.</span> 
     </span>
     <span class='ocr_line' id='line_1_46' title="bbox 209 3241 2073 3285; baseline 0 -13"><span class='ocrx_word' id='word_1_405' title='bbox 209 3244 293 3274; x_wconf 85' lang='lat' dir='ltr'>vict.</span> <span class='ocrx_word' id='word_1_406' title='bbox 319 3244 443 3276; x_wconf 68' lang='lat' dir='ltr'>desunt</span> <span class='ocrx_word' id='word_1_407' title='bbox 463 3245 494 3276; x_wconf 89' lang='lat' dir='ltr'><strong><em>A</em></strong></span> <span class='ocrx_word' id='word_1_408' title='bbox 510 3246 542 3276; x_wconf 88' lang='lat'>3.</span> <span class='ocrx_word' id='word_1_409' title='bbox 595 3244 633 3285; x_wconf 85' lang='lat' dir='ltr'>v)</span> <span class='ocrx_word' id='word_1_410' title='bbox 657 3243 749 3276; x_wconf 72' lang='lat' dir='ltr'>deest</span> <span class='ocrx_word' id='word_1_411' title='bbox 773 3245 804 3276; x_wconf 91' lang='lat' dir='ltr'><strong><em>A</em></strong></span> <span class='ocrx_word' id='word_1_412' title='bbox 820 3246 858 3283; x_wconf 79' lang='lat'>33</span> <span class='ocrx_word' id='word_1_413' title='bbox 889 3244 1028 3275; x_wconf 80' lang='lat' dir='ltr'>divitiis</span> <span class='ocrx_word' id='word_1_414' title='bbox 1052 3243 1218 3274; x_wconf 89' lang='lat' dir='ltr'>omnibus</span> <span class='ocrx_word' id='word_1_415' title='bbox 1241 3243 1272 3274; x_wconf 88' lang='lat' dir='ltr'><strong><em>A</em></strong></span> <span class='ocrx_word' id='word_1_416' title='bbox 1290 3246 1319 3274; x_wconf 91' lang='lat'>1.</span> <span class='ocrx_word' id='word_1_417' title='bbox 1375 3241 1423 3282; x_wconf 83' lang='lat' dir='ltr'>w)</span> <span class='ocrx_word' id='word_1_418' title='bbox 1447 3244 1609 3274; x_wconf 81' lang='lat' dir='ltr'>honerati</span> <span class='ocrx_word' id='word_1_419' title='bbox 1634 3243 1664 3273; x_wconf 92' lang='grc' dir='ltr'><strong><em>Β</em></strong></span> <span class='ocrx_word' id='word_1_420' title='bbox 1681 3243 1713 3273; x_wconf 82' lang='grc'>2.</span> <span class='ocrx_word' id='word_1_421' title='bbox 1737 3243 1777 3281; x_wconf 70' lang='lat'>33</span> <span class='ocrx_word' id='word_1_422' title='bbox 1809 3243 1972 3273; x_wconf 84' lang='lat' dir='ltr'>honorati</span> <span class='ocrx_word' id='word_1_423' title='bbox 1996 3242 2027 3272; x_wconf 95' lang='grc' dir='ltr'><strong><em>Β</em></strong></span> <span class='ocrx_word' id='word_1_424' title='bbox 2046 3245 2073 3272; x_wconf 92' lang='grc'><strong>1.</strong></span> 
     </span>
     <span class='ocr_line' id='line_1_47' title="bbox 209 3284 2072 3326; baseline 0 -12"><span class='ocrx_word' id='word_1_425' title='bbox 209 3289 246 3319; x_wconf 84' lang='lat' dir='ltr'>x)</span> <span class='ocrx_word' id='word_1_426' title='bbox 268 3285 349 3317; x_wconf 88' lang='lat' dir='ltr'>VII.</span> <span class='ocrx_word' id='word_1_427' title='bbox 371 3286 412 3316; x_wconf 91' lang='lat' dir='ltr'>A.</span> <span class='ocrx_word' id='word_1_428' title='bbox 476 3286 514 3326; x_wconf 88' lang='lat' dir='ltr'>y)</span> <span class='ocrx_word' id='word_1_429' title='bbox 538 3287 699 3318; x_wconf 82' lang='lat' dir='ltr'>arnolfus</span> <span class='ocrx_word' id='word_1_430' title='bbox 716 3288 877 3320; x_wconf 90' lang='grc' dir='ltr'><strong>Α1.Β1.</strong></span> <span class='ocrx_word' id='word_1_431' title='bbox 895 3288 925 3318; x_wconf 80' lang='lat'>2.</span> <span class='ocrx_word' id='word_1_432' title='bbox 982 3285 1017 3326; x_wconf 91' lang='lat' dir='ltr'>z)</span> <span class='ocrx_word' id='word_1_433' title='bbox 1041 3287 1297 3317; x_wconf 82' lang='lat' dir='ltr'>bauuariorum</span> <span class='ocrx_word' id='word_1_434' title='bbox 1315 3285 1388 3324; x_wconf 83' lang='lat' dir='ltr'>A13</span> <span class='ocrx_word' id='word_1_435' title='bbox 1421 3285 1618 3316; x_wconf 79' lang='lat' dir='ltr'>bauuariae</span> <span class='ocrx_word' id='word_1_436' title='bbox 1635 3285 1705 3316; x_wconf 73' lang='lat' dir='ltr'><strong><em>AS.</em></strong></span> <span class='ocrx_word' id='word_1_437' title='bbox 1767 3284 1802 3324; x_wconf 87' lang='lat' dir='ltr'>a)</span> <span class='ocrx_word' id='word_1_438' title='bbox 1825 3285 1987 3315; x_wconf 79' lang='lat' dir='ltr'>innotata</span> <span class='ocrx_word' id='word_1_439' title='bbox 2004 3284 2072 3314; x_wconf 85' lang='lat' dir='ltr'><strong><em>Al.</em></strong></span> 
     </span>
     <span class='ocr_line' id='line_1_48' title="bbox 208 3326 2075 3368; baseline -0.002 -11"><span class='ocrx_word' id='word_1_440' title='bbox 208 3326 246 3366; x_wconf 91' lang='lat' dir='ltr'>b)</span> <span class='ocrx_word' id='word_1_441' title='bbox 276 3331 414 3366; x_wconf 85' lang='lat' dir='ltr'>strages</span> <span class='ocrx_word' id='word_1_442' title='bbox 438 3337 585 3359; x_wconf 85' lang='lat' dir='ltr'>suorum</span> <span class='ocrx_word' id='word_1_443' title='bbox 607 3329 638 3360; x_wconf 87' lang='lat' dir='ltr'><strong><em>A</em></strong></span> <span class='ocrx_word' id='word_1_444' title='bbox 655 3332 690 3365; x_wconf 81' lang='lat'>1;</span> <span class='ocrx_word' id='word_1_445' title='bbox 729 3329 787 3359; x_wconf 82' lang='lat' dir='ltr'>his</span> <span class='ocrx_word' id='word_1_446' title='bbox 811 3330 944 3360; x_wconf 80' lang='lat' dir='ltr'>auditis</span> <span class='ocrx_word' id='word_1_447' title='bbox 967 3330 998 3360; x_wconf 88' lang='lat' dir='ltr'><strong><em>A</em></strong></span> <span class='ocrx_word' id='word_1_448' title='bbox 1013 3330 1044 3360; x_wconf 88' lang='lat'>3.</span> <span class='ocrx_word' id='word_1_449' title='bbox 1141 3328 1174 3368; x_wconf 84' lang='lat' dir='ltr'>c)</span> <span class='ocrx_word' id='word_1_450' title='bbox 1204 3328 1368 3358; x_wconf 80' lang='lat' dir='ltr'>tristatur</span> <span class='ocrx_word' id='word_1_451' title='bbox 1392 3328 1437 3358; x_wconf 90' lang='grc' dir='ltr'>Β.</span> <span class='ocrx_word' id='word_1_452' title='bbox 1526 3328 1561 3367; x_wconf 86' lang='lat' dir='ltr'>d)</span> <span class='ocrx_word' id='word_1_453' title='bbox 1593 3327 1769 3366; x_wconf 83' lang='lat' dir='ltr'>depromit</span> <span class='ocrx_word' id='word_1_454' title='bbox 1792 3326 1822 3357; x_wconf 86' lang='lat' dir='ltr'><strong><em>A</em></strong></span> <span class='ocrx_word' id='word_1_455' title='bbox 1839 3328 1870 3358; x_wconf 91' lang='lat'>3.</span> <span class='ocrx_word' id='word_1_456' title='bbox 1960 3331 1993 3363; x_wconf 86' lang='lat' dir='ltr'>e)</span> <span class='ocrx_word' id='word_1_457' title='bbox 2025 3327 2075 3355; x_wconf 80' lang='lat' dir='ltr'>rei</span> 
     </span>
     <span class='ocr_line' id='line_1_49' title="bbox 208 3368 2072 3410; baseline -0.001 -11"><span class='ocrx_word' id='word_1_458' title='bbox 208 3370 328 3400; x_wconf 85' lang='lat' dir='ltr'>animo</span> <span class='ocrx_word' id='word_1_459' title='bbox 357 3378 508 3401; x_wconf 83' lang='lat' dir='ltr'>versans</span> <span class='ocrx_word' id='word_1_460' title='bbox 539 3371 581 3402; x_wconf 89' lang='lat' dir='ltr'><strong><em>A.</em></strong></span> <span class='ocrx_word' id='word_1_461' title='bbox 688 3371 720 3409; x_wconf 85' lang='lat' dir='ltr'>f)</span> <span class='ocrx_word' id='word_1_462' title='bbox 759 3372 931 3402; x_wconf 82' lang='lat' dir='ltr'>acciditur</span> <span class='ocrx_word' id='word_1_463' title='bbox 960 3371 991 3401; x_wconf 94' lang='lat' dir='ltr'><strong><em>A</em></strong></span> <span class='ocrx_word' id='word_1_464' title='bbox 1015 3374 1043 3402; x_wconf 91' lang='lat'>1.</span> <span class='ocrx_word' id='word_1_465' title='bbox 1162 3370 1198 3410; x_wconf 83' lang='lat' dir='ltr'>g)</span> <span class='ocrx_word' id='word_1_466' title='bbox 1240 3371 1333 3402; x_wconf 58' lang='lat' dir='ltr'>deest</span> <span class='ocrx_word' id='word_1_467' title='bbox 1363 3370 1407 3409; x_wconf 90' lang='lat' dir='ltr'><strong><em>A;</em></strong></span> <span class='ocrx_word' id='word_1_468' title='bbox 1441 3371 1539 3408; x_wconf 87' lang='lat' dir='ltr'>regis</span> <span class='ocrx_word' id='word_1_469' title='bbox 1572 3371 1619 3408; x_wconf 85' lang='lat' dir='ltr'>B;</span> <span class='ocrx_word' id='word_1_470' title='bbox 1651 3378 1737 3400; x_wconf 80' lang='lat' dir='ltr'>corr.</span> <span class='ocrx_word' id='word_1_471' title='bbox 1770 3369 1891 3407; x_wconf 82' lang='lat' dir='ltr'>regnis</span> <span class='ocrx_word' id='word_1_472' title='bbox 1923 3369 1954 3398; x_wconf 91' lang='lat' dir='ltr'><em>B</em></span> <span class='ocrx_word' id='word_1_473' title='bbox 1981 3371 2009 3398; x_wconf 89' lang='grc'><strong>1.</strong></span> <span class='ocrx_word' id='word_1_474' title='bbox 2041 3368 2072 3398; x_wconf 90' lang='grc'>3.</span> 
     </span>
     <span class='ocr_line' id='line_1_50' title="bbox 208 3411 1301 3453; baseline 0.002 -12"><span class='ocrx_word' id='word_1_475' title='bbox 208 3411 248 3450; x_wconf 92' lang='lat' dir='ltr'>h)</span> <span class='ocrx_word' id='word_1_476' title='bbox 270 3411 405 3442; x_wconf 87' lang='lat' dir='ltr'>nordm.</span> <span class='ocrx_word' id='word_1_477' title='bbox 431 3412 464 3443; x_wconf 91' lang='lat' dir='ltr'><strong><em>A</em></strong></span> <span class='ocrx_word' id='word_1_478' title='bbox 479 3415 512 3452; x_wconf 84' lang='lat'>13</span> <span class='ocrx_word' id='word_1_479' title='bbox 544 3421 659 3443; x_wconf 89' lang='lat' dir='ltr'>norm.</span> <span class='ocrx_word' id='word_1_480' title='bbox 684 3415 716 3445; x_wconf 90' lang='lat' dir='ltr'><strong><em>B</em></strong></span> <span class='ocrx_word' id='word_1_481' title='bbox 731 3414 763 3444; x_wconf 83' lang='lat'>2.</span> <span class='ocrx_word' id='word_1_482' title='bbox 851 3413 877 3453; x_wconf 90' lang='lat' dir='ltr'>i)</span> <span class='ocrx_word' id='word_1_483' title='bbox 901 3413 1201 3452; x_wconf 81' lang='lat' dir='ltr'>exprobrantibus</span> <span class='ocrx_word' id='word_1_484' title='bbox 1224 3412 1255 3442; x_wconf 89' lang='lat' dir='ltr'><strong><em>A</em></strong></span> <span class='ocrx_word' id='word_1_485' title='bbox 1274 3415 1301 3443; x_wconf 92' lang='lat'>1.</span> 
     </span>
    </p>
   </div>
   <div class='ocr_carea' id='block_1_4' title="bbox 212 3474 1822 3529">
    <p class='ocr_par' dir='ltr' id='par_1_5' title="bbox 212 3474 1822 3529">
     <span class='ocr_line' id='line_1_51' title="bbox 212 3474 1822 3529; baseline 0 -14"><span class='ocrx_word' id='word_1_486' title='bbox 212 3474 253 3526; x_wconf 92' lang='lat'>1)</span> <span class='ocrx_word' id='word_1_487' title='bbox 284 3475 434 3529; x_wconf 80' lang='lat' dir='ltr'>Prope</span> <span class='ocrx_word' id='word_1_488' title='bbox 466 3477 707 3520; x_wconf 66' lang='lat' dir='ltr'>Marsuam</span> <span class='ocrx_word' id='word_1_489' title='bbox 739 3478 920 3519; x_wconf 82' lang='lat' dir='ltr'>Mosam</span> <span class='ocrx_word' id='word_1_490' title='bbox 949 3477 1114 3529; x_wconf 74' lang='lat' dir='ltr'>influit,</span> <span class='ocrx_word' id='word_1_491' title='bbox 1146 3475 1216 3518; x_wconf 88' lang='lat' dir='ltr'>die</span> <span class='ocrx_word' id='word_1_492' title='bbox 1248 3474 1399 3518; x_wconf 87' lang='lat' dir='ltr'>Geule.</span> <span class='ocrx_word' id='word_1_493' title='bbox 1446 3476 1500 3517; x_wconf 91' lang='lat' dir='ltr'>P.</span> <span class='ocrx_word' id='word_1_494' title='bbox 1620 3474 1661 3525; x_wconf 68' lang='lat'>2)</span> <span class='ocrx_word' id='word_1_495' title='bbox 1695 3474 1822 3528; x_wconf 79' lang='lat' dir='ltr'>Dyle.</span> 
     </span>
    </p>
   </div>
   <div class='ocr_carea' id='block_1_5' title="bbox 2098 2112 2383 2195">
    <p class='ocr_par' dir='ltr' id='par_1_6' title="bbox 2098 2112 2383 2195">
     <span class='ocr_line' id='line_1_52' title="bbox 2163 2112 2334 2153; baseline 0.006 -10"><span class='ocrx_word' id='word_1_496' title='bbox 2163 2112 2206 2143; x_wconf 89' lang='lat' dir='ltr'>cf.</span> <span class='ocrx_word' id='word_1_497' title='bbox 2228 2113 2334 2153; x_wconf 88' lang='lat' dir='ltr'>Verg.</span> 
     </span>
     <span class='ocr_line' id='line_1_53' title="bbox 2098 2153 2383 2195; baseline 0.004 -9"><span class='ocrx_word' id='word_1_498' title='bbox 2098 2153 2227 2195; x_wconf 86' lang='lat' dir='ltr'>Georg.</span> <span class='ocrx_word' id='word_1_499' title='bbox 2247 2156 2307 2193; x_wconf 82' lang='lat' dir='ltr'>lv,</span> <span class='ocrx_word' id='word_1_500' title='bbox 2331 2158 2383 2189; x_wconf 79' lang='lat'>83.</span> 
     </span>
    </p>
   </div>
   <div class='ocr_carea' id='block_1_6' title="bbox 2099 2486 2267 2526">
    <p class='ocr_par' dir='ltr' id='par_1_7' title="bbox 2099 2486 2267 2526">
     <span class='ocr_line' id='line_1_54' title="bbox 2099 2486 2267 2526; baseline 0 -9"><span class='ocrx_word' id='word_1_501' title='bbox 2099 2486 2202 2526; x_wconf 79' lang='lat' dir='ltr'>(Nov.</span> <span class='ocrx_word' id='word_1_502' title='bbox 2225 2487 2267 2526; x_wconf 81' lang='lat'>1).</span> 
     </span>
    </p>
   </div>
  </div>
 </body>
</html>
