2491 3724
454 159 535 200 XX
1029 152 1356 199 REGINONIS
1387 151 1749 196 CHRONICON.

454 288 549 336 aut
597 284 830 335 omnium
878 282 1136 333 librorum
1192 278 1400 347 copiam
1450 278 1642 330 vestris
1695 279 1945 330 armariis
1994 278 2177 330 deesse
2231 283 2326 330 aut

452 355 615 407 vestri
661 353 966 406 excellentis
1016 350 1215 418 ingenii
1259 349 1598 416 prudentiam
1647 349 1933 415 quicquam
1981 349 2170 413 latere,
2231 349 2323 416 qui

453 427 623 478 locum
666 430 872 476 vestrae
911 421 1215 475 celsitudini
1248 420 1473 473 caelitus
1506 419 1852 471 commissum
1884 419 2142 486 dignitate
2174 419 2324 471 nobi-

458 496 625 548 litatis
657 496 874 547 famosis
911 493 1173 562 preconiis
1215 492 1487 554 extollitiS,
1528 491 1621 558 qui
1654 494 1837 542 tantus
1869 491 1923 541 in
1957 491 2102 541 omni
2132 507 2325 557 genere

451 567 822 635 philosophiae
863 565 1007 626 estiS,
1047 569 1106 615 ut
1143 564 1286 615 solus
1324 562 1479 614 nobis
1509 561 1889 629 representetis
1921 560 2021 612 hac
2051 560 2326 628 decrepita

456 643 634 690 aetate
672 637 884 704 ingenia
921 634 1374 703 philosophorum,
1414 633 1478 685 de
1518 632 1710 700 quibus
1748 633 1843 684 illa
1882 632 2069 684 sollers
2099 631 2326 683 Latialis

455 709 752 774 antiquitas
803 707 1032 775 gloriata
1082 711 1177 758 est.
1273 705 1377 757 Sed
1428 705 1554 772 quia
1591 708 1770 756 vestra
1808 703 2103 770 sapientiae
2143 719 2326 770 super-

455 781 693 832 eminens
733 777 994 831 celsitudo
1033 777 1088 828 in
1127 776 1473 843 disponendis
1511 774 1669 827 rebus
1698 774 1928 842 publicis
1960 773 2176 826 assidue
2213 791 2327 825 ver—

455 856 618 914 satur,
669 850 899 901 fortasse
946 857 1259 900 onerosuma
1307 847 1540 910 videtur,
1593 850 1651 898 ut
1698 846 1930 914 plurima
1978 844 2327 898 conciliorum

453 921 722 973 volumina
759 937 967 987 semper
1005 918 1276 971 vobiscum
1316 919 1471 986 longe
1509 918 1723 984 lateque
1761 916 2087 979 deferantur,
2126 915 2327 967 idcirco

454 993 594 1043 hunc
647 991 951 1046 manualem
1005 989 1307 1041 codicillum
1359 993 1570 1040 vestrae
1619 988 1973 1040 dominationi
2020 987 2215 1051 direxi,
2267 991 2328 1038 ut

456 1064 605 1114 illum
637 1079 733 1129 pro
769 1059 1118 1130 enkyridionl
1149 1059 1409 1124 habeat-is,
1451 1060 1496 1110 si
1527 1059 1741 1126 quando
1765 1057 2042 1125 plenitudo
2065 1057 2327 1110 librorum

455 1139 753 1186 vestrorum
806 1133 861 1184 in
913 1131 1216 1199 presentiab
1264 1148 1368 1182 non
1415 1135 1509 1182 est.
1587 1129 1644 1182 Si
1697 1146 1853 1197 quem
1906 1133 2085 1181 autem
2137 1133 2326 1193 movet,

455 1224 548 1257 cur
573 1203 1026 1272 frequentioribus
1049 1207 1368 1265 nostrorum,
1398 1200 1452 1252 id
1478 1205 1560 1253 est
1584 1201 1882 1254 Galliarum
1908 1217 1970 1252 ac
1993 1200 2326 1263 Germaniae,

458 1276 806 1328 conciliorum
843 1292 973 1327 usus
1011 1274 1111 1325 sim
1151 1273 1421 1341 exempliS,
1462 1272 1695 1338 accipiat
1731 1288 2045 1340 responsum
2085 1275 2139 1322 et
2177 1270 2327 1335 sciat,

455 1348 582 1416 quia
629 1364 691 1398 ea
736 1346 967 1398 maxime
1012 1345 1250 1397 inserere
1297 1343 1499 1407 curavi,
1547 1360 1683 1411 quae
1721 1343 1805 1394 his
1843 1342 2158 1410 periculosis
2197 1347 2327 1394 tem-

454 1418 673 1485 poribus
697 1418 894 1469 nostris
918 1416 1282 1468 necessariora
1307 1432 1422 1468 esse
1447 1415 1670 1481 cognovi
1694 1419 1747 1466 et
1771 1431 1907 1482 quae
1931 1413 2001 1466 ad
2021 1417 2328 1480 susceptum

452 1490 758 1557 propositae
783 1505 978 1540 causae
1010 1488 1281 1555 negotium
1306 1486 1572 1554 pertinere
1596 1485 1929 1540 videbantur.
1991 1483 2133 1536 Illud
2164 1484 2329 1536 etiam

456 1559 836 1623 adiiciendum,
903 1558 1045 1626 quod
1097 1559 1266 1610 multa
1316 1557 1644 1624 flagitiorum
1697 1574 1893 1624 genera
1944 1555 2044 1608 hoc
2094 1555 2327 1623 pessimo

453 1636 690 1697 tempore
730 1631 785 1682 in
823 1630 1050 1682 aeclesia
1088 1635 1141 1682 et
1176 1633 1486 1697 perpetrata
1524 1633 1649 1680 sunt
1680 1633 1732 1680 et
1758 1631 2151 1694 perpetrantur,
2193 1643 2329 1693 quae

453 1703 644 1770 priscis
696 1701 1024 1768 temporibus
1077 1700 1341 1763 inaudita,
1393 1699 1519 1767 quia
1570 1716 1675 1752 non
1727 1698 1894 1763 facta,
1948 1703 2002 1750 et
2053 1696 2173 1749 ideo
2224 1715 2330 1749 non

455 1774 654 1840 scripta
700 1778 751 1824 et
797 1772 916 1823 fixis
964 1772 1241 1823 sententiis
1288 1771 1563 1833 damnata3
1627 1787 1763 1836 quae
1807 1768 2077 1821 modernis
2116 1772 2329 1834 patrum

454 1844 650 1911 regulis
691 1847 742 1894 et
780 1843 1070 1909 dampnata
1109 1846 1231 1894 sunt
1269 1846 1321 1894 et
1359 1840 1600 1909 quotidie
1632 1840 2005 1908 dampnantur.
2080 1837 2191 1890 Nec
2221 1856 2330 1890 non

454 1921 505 1967 et
543 1913 675 1965 illud
723 1913 1013 1977 sciendum,
1065 1912 1222 1980 quod,
1276 1913 1415 1965 siout
1453 1911 1693 1964 diversae
1730 1912 1976 1962 nationes
2015 1909 2330 1977 populorum

453 1987 591 2037 inter
630 2002 684 2037 se
724 1985 1032 2052 discrepant
1069 2001 1259 2053 genere
1293 1982 1530 2035 moribus
1564 1982 1747 2050 lingua
1777 1981 1998 2050 legibus,
2037 1982 2115 2033 ita
2144 1986 2330 2033 sancta

455 2055 768 2108 universalis
807 2056 1066 2108 aecclesia
1110 2059 1222 2107 toto
1262 2055 1388 2107 orbe
1424 2059 1693 2106 terrarum
1732 2052 1951 2118 diffusa,
1999 2053 2237 2120 quamvis
2275 2052 2331 2103 in

455 2128 659 2179 unitate
683 2126 807 2178 fidei
832 2127 1200 2193 coniungatur,
1224 2130 1404 2178 tamen
1424 2124 1897 2177 consuetudinibus
1918 2123 2331 2176 aecclesiasticis

456 2198 521 2250 ab
548 2198 770 2250 invicem
797 2197 990 2251 differt.
1055 2197 1205 2249 Aliae
1230 2196 1492 2264 siquidem
1519 2195 1929 2248 consuetudines
1954 2196 2010 2246 in
2035 2195 2333 2247 Galliarum

457 2269 882 2336 Germaniaeque
930 2268 1108 2335 regnis
1160 2270 1212 2319 in
1263 2266 1678 2320 aecclesiasticis
1737 2265 1928 2318 officiis
1976 2266 2333 2333 reperiuntur,

455 2340 592 2392 aliae
632 2340 685 2390 in
726 2339 1064 2391 orientalium
1102 2339 1294 2406 regniS,
1334 2338 1712 2390 transmarinis
1752 2336 2075 2404 regionibus,
2155 2337 2338 2388 Monet

453 2416 696 2479 preterea
741 2411 1007 2478 scriptura
1053 2411 1326 2474 terminOS,
1374 2409 1430 2461 id
1478 2414 1589 2461 est⁰
1627 2409 1768 2475 leges
1816 2413 1869 2460 et
1915 2407 2146 2472 decreta,
2198 2425 2337 2476 quae

456 2488 635 2550 patres
685 2483 858 2534 nostri
908 2487 1221 2549 posuerunt,
1275 2480 1592 2534 omnimodis
1640 2479 2004 2532 observandos
2053 2497 2151 2532 nec
2199 2479 2335 2531 ulla—

456 2561 610 2605 tenus
670 2555 954 2605 temeraria
1012 2553 1375 2620 presumtione
1434 2551 1931 2618 transgrediendos:
2008 2554 2338 2619 quapropter

456 2630 853 2676 antecessorum
893 2629 1193 2675 nostrorum
1227 2624 1449 2691 vestigia
1488 2640 1715 2690 sequens
1754 2622 2085 2675 diversorum
2122 2626 2338 2688 patrum

461 2696 671 2747 diversa
695 2701 901 2747 statuta
926 2696 977 2746 iu
1006 2696 1193 2747 ordine
1219 2695 1432 2762 digessi,
1464 2695 1680 2746 lectoris
1713 2693 1911 2746 iudicio
1944 2693 2338 2761 derelinquenS,

459 2767 586 2833 quid
622 2767 959 2833 potissimum
999 2767 1192 2834 eligere
1231 2784 1293 2818 ac
1331 2765 1630 2834 approbare
1668 2766 1833 2818 malit.
1913 2765 2183 2830 Suscipiat
2213 2780 2338 2830 ergo

459 2838 555 2889 hoc
594 2856 813 2904 parvum
854 2839 1227 2890 munusculum
1269 2843 1445 2890 vestra
1484 2837 1725 2904 dignatio
1759 2855 1823 2889 ea
1852 2836 2193 2902 benignitate,
2234 2851 2341 2900 qua

459 2909 738 2961 devotione
778 2910 995 2961 missum
1036 2915 1115 2962 est
1153 2928 1186 2961 a
1224 2927 1343 2961 mea
1376 2909 1684 2976 exiguitate.
1749 2907 1942 2961 Valeat
1973 2905 2144 2974 gloria
2171 2904 2339 2957 beati-

467 2980 665 3031 tudinis
704 2985 909 3032 vestrae
948 2980 1035 3032 hic
1074 2986 1127 3032 et
1165 2982 1219 3032 in
1258 2980 1457 3032 futuro,
1533 2980 1716 3031 Amen.

716 3079 995 3123 EXPLICIT
1036 3079 1334 3123 PREFATIO
1374 3078 1586 3123 OPERIS
1625 3076 2079 3129 SUBSEQUENTIS.

471 3208 504 3237 a)
528 3198 746 3229 honerosum
769 3200 843 3230 cod.
933 3199 971 3239 b)
995 3201 1260 3238 presentiarum
1285 3199 1357 3231 cod.
1448 3198 1603 3239 c)—idem
1627 3198 1699 3230 eorl.

465 3305 507 3358 1)
540 3307 579 3348 Ι.
605 3319 638 3348 e.
675 3305 931 3364 ἐγχειρίδιον,
964 3307 1275 3350 enchiridium.

1148 3448 1536 3469 ‚vr-—jw-vffl
1551 3457 1560 3459 >
1587 3457 1633 3459 -ῃ,
1642 3457 1653 3459 -
