2491 3724
12 1842 28 1859 *
49 1853 87 1884 p.
103 1843 178 1875 580.

654 215 979 259 REGINONIS
1011 213 1368 258 CHRONICON.
1428 213 1480 256 A.
1505 216 1601 258 868.
2003 219 2056 260 95

201 345 276 401 qui
320 356 470 385 causas
516 344 691 384 nostrae
737 342 1012 384 calumniaea
1058 345 1102 383 et
1146 340 1448 383 fraudulentas
1495 340 1762 383 aemulorum
1809 344 2056 383 nostrorum

200 399 520 457 quaerimonias
544 402 637 440 tam
661 398 851 452 benigno
876 398 994 451 patri
1028 397 1268 452 aequitatis
1302 410 1357 438 ac
1382 397 1584 439 iustitiae
1608 397 1732 438 lance
1757 396 2055 449 ponderandas

199 470 248 500 ac
273 454 625 498 determinandas
651 453 706 496 ad
727 457 901 507 tempus
926 460 970 496 et
994 455 1039 496 in
1063 455 1189 506 parte
1216 453 1531 502 commisimus3
1556 452 1643 501 sed,
1670 452 1784 507 quod
1807 452 2059 507 lugubriter

198 513 475 566 replicamus,
509 511 607 564 plus
633 510 747 563 apud
771 510 1057 552 sanctitatem
1082 509 1203 551 illius
1235 509 1442 551 valuereb
1473 512 1721 551 nostrorum
1751 509 2057 551 inimicorumC

199 568 385 611 insidiae
417 571 461 610 et
491 566 725 609 simulatae
758 566 1046 619 deceptiones,
1080 578 1210 620 quam
1242 567 1391 608 nostra
1421 565 1605 618 simplex
1637 568 1681 607 et
1711 578 1821 618 pura
1851 564 2057 607 defensio.

199 625 288 668 Nos
321 625 457 667 enim
489 623 653 665 litteris
686 625 729 664 et
759 623 903 664 verbis
927 621 1226 664 indesinenter
1248 621 1570 673 proclamantes
1595 624 1640 663 et
1664 620 1846 663 diversis
1871 621 2058 675 legatio-

194 682 327 725 nibus
367 680 519 723 eadem
556 681 805 732 repetentes
843 678 1074 720 humiliter
1111 678 1452 730 postulavimus,
1499 681 1549 719 ut
1587 691 1663 719 nos
1703 681 1748 719 et
1787 682 2059 720 accusatores

199 738 339 781 nostri
376 737 501 779 iuxta
537 734 707 777 divinas
745 737 790 776 et
826 734 1041 776 humanas
1080 734 1200 787 leges
1240 733 1337 774 suid
1369 733 1585 786 pontificii
1617 733 1890 776 audientiam
1922 747 2058 776 mere-

200 808 358 844 remur,
382 794 433 835 ut
457 792 569 834 ratio
594 791 733 840 docet,
756 793 951 832 nostram
974 789 1244 843 presentiam
1270 789 1530 832 exhibendo:
1570 789 1645 832 sed
1668 803 1872 844 semper
1895 790 2059 844 repulsi

199 849 407 893 SUfflUS'·
448 848 515 897 ΕῘΞ
536 852 653 912 POSt
679 862 866 909 Pauca:
902 859 1019 902 ‘Sed
1045 859 1148 913 quia
1171 858 1288 901 Deus
1312 859 1585 912 omnipotens
1609 860 1810 914 princeps
1833 862 2059 913 pastorum

201 921 246 962 in
283 920 365 962 illa
401 919 582 961 sanctae
621 916 721 959 sede
759 916 923 959 vestris
963 915 1244 969 pontificatus
1285 915 1452 969 apicem
1492 916 1772 967 sublimavit,
1812 917 1849 958 si
1886 919 2058 969 tempus

201 976 415 1025 arriserit,
458 975 650 1016 vestrum
681 972 1025 1026 multipliciter&
1054 971 1350 1014 desideramus
1389 975 1666 1025 conspectum
1706 975 1750 1015 et
1780 973 1936 1015 vestris
1968 974 2060 1015 Deo

201 1032 349 1086 dignis
381 1030 570 1074 animari
608 1029 835 1084 colloquiis
868 1042 917 1071 ac
955 1028 1169 1070 melliflua
1205 1027 1511 1071 benedictione
1542 1029 1712 1082 potiri'.
1774 1028 1842 1078 Et
1871 1029 1926 1078 in
1957 1028 2059 1078 fine

200 1088 365 1154 ipSiUS
405 1085 684 1153 epistolae:
732 1098 943 1141 ‘Interea
981 1098 1119 1141 modis
1159 1098 1362 1141 omnibus
1404 1098 1692 1149 obsecramus,
1735 1101 1786 1142 ut
1824 1099 1876 1142 de
1913 1103 2060 1142 vestra

200 1157 422 1212 optabilih
459 1156 752 1211 prosperitate
789 1155 956 1197 litteris
992 1155 1149 1198 vestris
1189 1154 1496 1198 celsitudinem
1535 1158 1730 1198 nostram
1769 1159 1934 1198 certam
1965 1155 2060 1198 red-

201 1214 352 1257 dentes
384 1226 510 1256 carae
541 1211 770 1255 filiationis
801 1225 957 1253 munus
988 1211 1112 1254 nobis
1143 1211 1362 1264 impertiri
1395 1211 1655 1266 dignemini.

343 1269 424 1319 Ad
476 1269 605 1319 haec
658 1267 995 1334 supradictus
1046 1284 1186 1332 papa
1239 1267 1573 1332 rescripsit-1,
1630 1266 1808 1318 sedem
1862 1267 2063 1318 sanctii

204 1340 349 1390 Petri
387 1355 593 1405 semper
629 1342 871 1405 paratam
909 1353 1023 1388 esse
1063 1336 1274 1403 dignam
1307 1337 1727 1388 satisfactionem
1762 1337 2064 1402 susciperek

201 1427 316 1471 nec,
367 1409 506 1476 quod
551 1408 760 1459 divinae
805 1408 1170 1475 humanaeque
1215 1407 1356 1472 leges
1401 1408 1539 1458 iuste
1584 1407 1897 1469 decernunt,
1949 1425 2063 1458 um-

203 1496 362 1546 quam
405 1478 750 1545 reppulisse1:
790 1478 987 1543 itaque,
1029 1479 1074 1528 si
1111 1494 1166 1528 se
1204 1477 1492 1528 immunem
1531 1477 1597 1529 ab
1632 1477 1852 1529 obiectis
1887 1478 2063 1540 sciret,

200 1567 321 1600 cum
358 1549 500 1600 omni
538 1547 731 1600 fiducia
768 1547 944 1598 sedem
983 1547 1328 1613 apostolicam
1369 1552 1638 1614 oporteret
1677 1547 1841 1611 adire,
1880 1553 1940 1598 ut
1978 1566 2066 1598 ex-

201 1621 419 1686 petitam
444 1618 864 1670 benedictionem
895 1619 1258 1685 perciperetm;
1292 1619 1336 1668 si
1368 1623 1544 1669 autem
1577 1619 1786 1686 culpam
1818 1635 2064 1685 recogno-

203 1694 388 1751 sceret,
429 1688 769 1740 nihilominus
801 1688 1003 1753 absque
1042 1689 1364 1740 hesitatione
1395 1689 1574 1740 venire
1605 1689 1900 1753 festinaret,
1942 1706 2064 1740 con-

204 1760 397 1826 dignae
443 1760 830 1826 poenitentiae⁰
866 1758 1104 1810 remedia
1144 1765 1503 1825 suscepturus,

345 1829 502 1880 *HisP
525 1829 851 1896 temporibus
875 1846 1000 1895 gens
1024 1829 1368 1895 Vulgarumq·
1385 1828 1406 1863 2
1438 1829 1800 1881 ferocissimar
1825 1847 1887 1880 ac
1916 1829 2064 1880 belli-

206 1916 329 1951 cosa
351 1899 551 1951 relictis
575 1899 731 1950 idolis
755 1899 1279 1965 abrenuntiatisqueS
1296 1899 1567 1965 gentilium
1596 1899 2064 1966 superstitionibus

202 1971 257 2020 in
297 1969 563 2021 Christum
611 1987 674 2020 ex
717 1970 1044 2036 permaxima
1079 1975 1232 2037 parte
1272 1970 1562 2034 credidit33
1615 1977 1666 2021 et
1703 1970 1886 2022 abluta
1926 1971 2060 2022 salu-

202 2041 307 2091 tari
359 2039 696 2106 baptismatis
749 2040 891 2091 unda
942 2041 997 2090 in
1056 2040 1364 2106 religionem
1427 2040 1773 2092 christianam
1833 2041 2063 2092 transiit.

206 2110 404 2161 Directi
460 2115 583 2161 sunt
631 2113 810 2161 autem
863 2127 895 2161 a
948 2110 1072 2161 sede
1126 2111 1421 2175 apostolica
1473 2112 1529 2162 in
1582 2111 1802 2163 eandem
1856 2117 2064 2178 gentem

203 2180 504 2232 sacerdotes
535 2197 597 2231 ac
627 2180 727 2231 viri
760 2180 1010 2246 religiosi,
1044 2181 1133 2247 qui
1163 2182 1419 2248 populum
1450 2182 1622 2233 adhuc
1655 2181 1840 2232 rudem
1872 2181 2063 2233 divinis

200 2249 549 2301 informarent
594 2251 858 2317 preceptis
905 2255 957 2301 et
995 2251 1254 2302 incultam
1301 2251 1605 2303 barbariem
1645 2253 1811 2303 sacris
1851 2252 2066 2318 dogma-

199 2320 344 2372 tibus
395 2320 690 2372 excolentes
741 2321 952 2372 Christo
1014 2326 1225 2387 gratum
1276 2321 1642 2374 habitaculum
1695 2328 2062 2388 prepararent.

200 2391 273 2442 Ut
308 2390 465 2442 huius
512 2408 631 2442 vere
670 2396 885 2443 sanctae
924 2391 1219 2443 devotionis
1267 2409 1398 2460 opus
1443 2409 1755 2460 prosperum
1803 2393 2065 2444 obtineret

203 2459 471 2524 effectum,
531 2460 865 2513 Ludowicust
923 2462 1397 2514 christianissimus
1456 2481 1575 2526 rex,
1635 2464 1726 2530 qui
1786 2462 2064 2515 Germanis

201 2531 514 2597 imperabat,
563 2548 668 2582 non
719 2532 985 2584 mediocre
1037 2532 1249 2598 prebuit
1303 2534 1741 2600 supplementum.
1833 2534 2065 2586 Feruntu

201 2607 376 2651 autem
423 2600 486 2651 de
524 2600 683 2652 huius
721 2602 890 2668 gentis
928 2619 1072 2668 rege,
1123 2603 1264 2669 quod
1309 2621 1340 2654 a
1386 2609 1538 2655 tanta
1581 2603 1905 2670 perfectione
1942 2609 2065 2670 post

199 2675 503 2737 perceptam
538 2670 789 2737 baptismi
828 2673 1056 2736 gratiam
1094 2674 1308 2740 ceperit,
1348 2679 1440 2724 utv
1471 2674 1657 2725 diebus
1696 2675 2064 2725 ornamentisW

202 2801 238 2842 a.)
273 2803 500 2841 calumpniae
523 2804 555 2833 B
572 2805 600 2834 1.
627 2805 657 2835 3.
766 2803 805 2842 b)
840 2803 1038 2835 valuerunt
1059 2804 1090 2835 A
1107 2806 1138 2836 3.
1248 2805 1282 2846 c)
1318 2805 1410 2837 deest
1433 2806 1480 2843 A3
1511 2806 1734 2837 aemulorum
1758 2810 1959 2837 nostrorum
1982 2807 2011 2837 A
2029 2808 2061 2838 3.

202 2845 238 2883 d)
269 2845 347 2875 eius
371 2845 401 2875 A
418 2846 448 2876 3.
539 2845 572 2883 e)
602 2845 694 2876 deest
713 2846 743 2876 A
758 2847 789 2877 3.
880 2847 909 2885 f)
939 2847 1009 2876 viri
1033 2848 1064 2877 B
1079 2848 1111 2878 2.
1199 2847 1238 2887 g)
1273 2849 1544 2880 multiformiter
1567 2849 1596 2878 A
1613 2850 1643 2880 3.
1740 2848 1776 2887 h)
1811 2849 1958 2880 obtabili
1983 2849 2013 2878 A
2033 2852 2060 2880 1.

201 2887 229 2925 i)
253 2887 348 2918 beati
369 2887 399 2916 A
415 2888 446 2918 3.
535 2888 574 2927 k)
596 2888 779 2926 percipere
802 2887 833 2918 A
852 2891 886 2927 13
917 2890 1077 2927 recipere
1099 2889 1128 2919 A
1145 2889 1177 2920 3.
1272 2890 1300 2929 l)
1322 2891 1516 2929 repullisse
1540 2892 1572 2921 B
1587 2892 1617 2921 2.
1708 2891 1758 2928 m)
1789 2892 1968 2929 acciperet
1990 2891 2019 2921 A
2034 2892 2062 2923 3.

201 2927 240 2960 n)
279 2928 475 2966 condignae
497 2929 528 2959 A
544 2931 574 2960 3.
685 2929 718 2968 o)
756 2931 869 2968 penit.
893 2931 924 2960 Β
943 2934 970 2962 1.
997 2932 1028 2962 2.
1137 2930 1176 2971 p)
1212 2931 1485 2971 His—prebuit
1515 2933 1803 2971 supplementum
1837 2934 1958 2964 desunt
1981 2935 2010 2964 A
2026 2934 2058 2964 3.

202 2970 238 3010 q)
262 2971 473 3008 uulgi-orum
496 2970 527 3001 A
544 2975 579 3010 13
610 2972 801 3009 bulgarum
826 2973 857 3002 B
873 2973 904 3003 3.
994 2972 1026 3013 r)
1050 2972 1243 3004 fortissima
1266 2974 1297 3004 A
1315 2977 1344 3006 1.
1435 2973 1467 3013 s)
1491 2974 1617 3005 adren.
1645 2976 1675 3005 Β
1693 2978 1721 3008 1.
1807 2979 1834 3014 t)
1859 2975 1956 3006 hlud.
1984 2977 2011 3005 A
2031 2978 2060 3006 1.

201 3014 238 3053 11)
261 3012 393 3044 Fertur
416 3013 459 3044 de
482 3013 606 3045 eodem
631 3022 717 3052 rege
741 3015 771 3044 A
787 3015 805 3045 3
829 3013 876 3054 (a.
893 3015 982 3054 867).
1072 3014 1110 3055 v)
1134 3015 1224 3055 quod
1249 3015 1280 3046 A
1297 3018 1325 3047 1.
1416 3018 1462 3056 w)
1487 3017 1644 3047 hornam.
1673 3018 1703 3047 B
1721 3021 1750 3048 1.

202 3115 244 3167 1)
276 3119 349 3160 De
377 3118 462 3161 hac
493 3119 685 3172 epistula
709 3120 821 3162 alibi
840 3120 953 3162 nihil
976 3121 1267 3174 comperimus
1277 3137 1291 3174 ;
1324 3123 1384 3174 cf.
1408 3123 1642 3165 Diimmler
1665 3124 1734 3174 II,
1759 3124 1855 3172 ⁶228,
1888 3121 1898 3140 ‘
1917 3122 2062 3165 Neues

202 3174 386 3235 Archi&
405 3175 513 3228 XV,
530 3175 627 3218 321.
687 3175 730 3226 2)
756 3177 795 3218 Ι.
819 3189 854 3218 e.
871 3177 1083 3231 Bulyari,
1098 3190 1206 3231 qens
1223 3179 1407 3232 orz'yz'm's
1424 3180 1660 3230 Finm'cae,
1679 3180 1756 3222 sed
1772 3193 1868 3222 cum
1888 3178 2065 3222 Sclave's

203 3234 361 3282 νηπία,
391 3244 506 3284 quae
529 3232 750 3274 Moesiam
783 3233 984 3286 aliasque
1014 3233 1060 3275 in
1093 3234 1251 3277 dextra
1274 3235 1486 3277 Danubii
1512 3237 1615 3289 ripa
1644 3238 1840 3290 reffl‘ones
1871 3248 2061 3289 occ-upa-

203 3290 327 3328 verat
355 3291 485 3339 atque
516 3288 647 3330 etiam
676 3288 1026 3331 Marahensz'am
1057 3302 1209 3342 4νεῃηο,
1241 3295 1477 3345 antequam
1517 3291 1688 3345 Unyarz'
1717 3293 2061 3342 intervertet-emt,

200 3349 346 3402 paene
367 3340 566 3394 finitima
596 3343 770 3386 videtur
796 3343 964 3397 Μίδεω
1008 3343 1065 3393 cf.
1098 3347 1334 3388 Dilmmler
1357 3348 1399 3399 I,
1437 3348 1492 3390 33
1515 3360 1576 3402 sq.
1708 3347 1751 3399 3)
1799 3348 1854 3389 A·
1878 3349 1973 3395 864,
2016 3352 2064 3388 ut

204 3394 390 3446 vzdetur,
433 3397 624 3450 Boyoris
665 3400 975 3453 Bulyarorum
1019 3415 1098 3444 rex
1144 3403 1414 3455 baptismum
1462 3417 1560 3446 cum
1606 3405 1779 3446 nomine
1825 3404 2062 3445 Michaelis

204 3451 396 3547 ἳῖοεξὲζῒς
414 3464 512 3549 squo
542 3454 664 3504 facto
697 3456 828 3498 etiam
860 3457 1062 3500 subditos
1091 3471 1196 3501 suos
1220 3459 1489 3502 christianos
1511 3460 1612 3511 fieri
1634 3461 1782 3513 coeyae't.
1828 3459 2065 3501 Diimmler

266 3537 278 3557 7
437 3520 503 3560 qq·

2098 1838 2212 1892 (864)
2220 1871 2233 1881 .
