2491 3724
759 177 1090 223 REGINONIS
1122 175 1481 221 CHRONICON.
1946 177 2051 219 XIX

193 307 544 369 differentiaS,
596 322 731 372 quae
778 305 831 356 in
879 309 1114 357 extrema
1160 301 1380 355 sillabaa
1417 301 1472 352 in
1516 318 1670 352 versu
1717 300 1887 351 solent
1922 299 2053 363 fieri,

190 384 250 430 ut
288 378 477 429 decens
527 381 579 428 et
615 377 929 428 conveniens
975 375 1070 427 fiat
1109 373 1465 434 concinentia,
1513 372 1651 422 sicut
1696 389 1727 422 a
1765 370 2053 423 maioribus

192 448 346 501 nobis
390 447 624 499 traditae
672 451 797 499 sunt
843 451 894 498 et
932 446 1069 497 sicut
1113 445 1229 511 ipsa
1267 443 1571 494 armonicae
1617 441 1930 507 disciplinae
1969 459 2053 492 ex-

189 519 454 587 perientia
503 534 600 570 nos
649 517 888 580 instruit,
939 515 1202 566 distinctis
1252 513 1527 565 ordinibus
1575 512 1809 563 inserere
1859 512 2053 563 curavi.

194 590 444 642 Adiciunt
482 594 662 640 autem
699 586 916 655 quidam
963 591 1016 637 et
1053 585 1187 637 alias
1226 583 1532 646 divisioneS,
1582 600 1715 649 quas
1761 581 2055 649 superfiuas

192 679 306 713 esse
347 659 697 711 arbitramur:
760 657 853 708 sed
891 674 955 708 ne
994 674 1027 707 a
1065 654 1479 723 superstitiosisb
1517 653 1734 705 musicis
1772 652 2056 718 reprehen-

192 732 394 793 damur,
436 747 525 781 eas
563 728 750 779 subtus
782 731 878 778 aut
909 744 1071 792 supra
1101 727 1153 776 in
1185 724 1421 792 margine
1453 723 1709 775 adnotare
1740 723 2054 785 studuimUS,

191 802 350 870 periti
399 799 630 852 cantoris
686 797 883 849 iudicio
933 797 1314 864 relinquenteS,
1363 800 1541 846 utrum
1592 811 1680 846 eas
1729 794 2056 846 necessarias

193 891 261 924 an
301 886 656 936 supervacuas
695 868 903 935 opinari
940 868 1080 921 velit.
1157 866 1274 918 Non
1313 866 1482 917 solum
1524 870 1704 917 autem
1742 865 2057 933 antiphonas

189 961 285 1011 per
318 957 581 1007 congruos
612 944 767 991 tonos
801 939 1037 1002 distinxi,
1077 954 1258 990 verum
1291 936 1452 988 etiam
1483 936 1735 988 introitus
1767 936 1836 988 ad
1866 936 2058 987 missas

193 1020 245 1065 et
299 1011 717 1074 communioneS,
771 1028 869 1062 nec
921 1026 1027 1061 non
1081 1013 1133 1061 et
1183 1007 1541 1075 responsoria,
1597 1024 1732 1074 quae
1784 1007 2058 1059 nocturnis

192 1084 340 1135 horis
394 1083 448 1133 in
501 1081 603 1132 Dei
652 1080 809 1133 laude
862 1084 1142 1143 canuntur,
1196 1077 1607 1130 consonantibus
1661 1077 1762 1129 sibi
1814 1083 2058 1130 tonorum

190 1152 567 1207 convenientiis
620 1152 886 1204 associare
936 1168 1141 1204 summo
1193 1149 1370 1201 studio
1421 1148 1706 1202 elaboravi.
1755 1180 1824 1185 --
1872 1178 1940 1185 -
1989 1178 2057 1184 —

190 1250 1408 1264 ——————————
1503 1218 1607 1271 Sed
1659 1219 1765 1270 iam
1819 1219 2057 1284 prolixus

191 1312 362 1348 sermo
395 1293 552 1346 finem
583 1293 923 1361 prestolatur.
999 1290 1473 1344 ReverentissimeC
1502 1307 1656 1357 papa,
1696 1290 2059 1341 excellentiam

190 1372 421 1419 vestram
472 1382 702 1431 superna
753 1362 1087 1431 providentia
1146 1362 1289 1413 omni
1343 1365 1559 1412 sanctae
1619 1377 1745 1411 suae
1807 1360 2059 1411 ecclesiae

192 1436 528 1504 profuturam
577 1453 671 1502 per
720 1434 887 1486 multa
935 1450 1193 1485 annorum
1247 1431 1516 1483 curricula
1567 1430 1887 1482 incolumem
1939 1447 2059 1482 con—

192 1524 402 1560 servare
442 1505 702 1574 dignetur.

194 1605 475 1650 EXPLICIT
506 1604 795 1650 EPISTOLA
827 1605 905 1648 DE
930 1601 1245 1647 ARMONICA
1269 1601 1711 1645 INSTITUTIONE.
1743 1600 2060 1644 INCIPIUNT

703 1675 854 1720 OCTO
887 1674 1032 1718 TONI
1063 1671 1328 1716 MUSICAE
1362 1671 1551 1715 ARTIS.

780 1969 1095 2050 EPISTULA
1140 1967 1482 2048 REGINONIS

385 2120 472 2178 AD
517 2117 911 2177 HATHONEM
955 2114 1573 2176 ARCHIEPISGOPUM
1619 2111 1877 2174 MISSA.¹

494 2326 723 2370 INCIPIT
755 2324 1053 2369 PREFATIO
1087 2325 1295 2368 OPERIS
1328 2323 1781 2376 SUBSEQUENTIS.

341 2425 567 2477 Sanctae
606 2424 977 2491 Moguntiacae
1017 2423 1158 2475 sedis
1195 2423 1398 2491 presuli
1443 2441 1505 2474 ac
1544 2423 1709 2476 totius
1747 2421 2064 2474 Germaniae

196 2496 411 2563 primati
471 2494 708 2548 Hathoni
759 2495 958 2562 Regino
1019 2499 1229 2548 vestrae
1290 2493 1633 2546 sublimitatis
1693 2492 2064 2544 devotissimus

199 2567 481 2618 clientulus
529 2565 794 2633 presentis
840 2566 980 2617 vitae
1024 2565 1437 2633 prosperitatem
1484 2571 1536 2617 et
1580 2565 1796 2616 futurae
1834 2563 2063 2614 beatitu-

200 2637 339 2688 dinis
378 2640 495 2688 orat
531 2636 772 2703 gloriam.
850 2636 1034 2688 Sciens
1065 2636 1485 2703 magnitudinem
1515 2635 1828 2703 prudentiae
1859 2637 2064 2685 vestrae

199 2725 301 2759 non
347 2707 516 2759 solum
561 2707 712 2758 iuxta
757 2722 1031 2758 sacrorum
1080 2724 1343 2759 canonum
1389 2707 1689 2758 sanctiones
1735 2705 1901 2757 totius
1945 2720 2064 2771 pro-

199 2778 396 2830 vintiae
428 2776 839 2829 sollicitudinem
871 2794 1069 2844 gerere,
1102 2795 1284 2829 verum
1309 2777 1470 2829 etiam
1501 2777 1666 2829 totius
1690 2776 1841 2842 regni
1863 2775 2065 2825 utilita-

199 2849 341 2901 tibus
372 2847 614 2916 pervigili
647 2864 775 2899 cura
805 2847 1072 2911 insudare,
1105 2849 1224 2899 misi
1247 2853 1454 2900 vestrae
1487 2846 1788 2899 celsitudini
1811 2845 2064 2908 libellum,

201 2937 357 2987 quem
396 2919 461 2971 de
496 2916 838 2987 synodalibus
869 2919 1044 2970 causis
1076 2918 1562 2984 aeclesiasticisque
1596 2917 1890 2984 disciplinis
1919 2915 2066 2967 iussu

204 2997 256 3042 et
310 2995 490 3042 ortatu
543 2989 722 3043 domni
781 2994 834 3042 et
884 2989 1300 3042 reverentissimi
1352 2988 1621 3041 Rathbodi
1682 2987 2066 3054 archiepiscopi

204 3078 410 3113 summo
459 3078 578 3113 cum
625 3060 804 3114 studio
853 3078 917 3112 ex
963 3060 1185 3113 diversis
1234 3064 1538 3112 sanctorum
1575 3064 1791 3127 patrum
1831 3058 2067 3110 conciliis

202 3137 363 3200 atque
395 3131 622 3185 decretis
655 3131 841 3199 collegi
871 3136 1032 3199 atque
1065 3131 1374 3195 coadunavi,
1406 3147 1512 3182 non
1542 3135 1741 3182 temere
1773 3128 2064 3181 arbitratus

205 3243 240 3284 a)
264 3244 384 3278 silliba
407 3245 481 3276 cod.
583 3244 622 3286 b)
646 3245 950 3285 superstitutiosis
973 3245 1048 3276 cod.
1136 3244 1169 3286 c)
1191 3245 1511 3277 reverentissimae
1534 3244 1606 3276 cod.

205 3329 247 3380 1)
279 3331 516 3383 Praefatio
546 3332 695 3385 operis
725 3332 778 3374 de
802 3331 1095 3386 synodalibus
1123 3332 1277 3375 causis
1301 3331 1534 3384 compositi
1561 3330 1648 3380 (ecl.
1680 3328 2064 3375 Weisserschleben

206 3386 341 3449 18402
381 3389 441 3431 acl
482 3388 616 3442 fidem
652 3389 777 3433 unici
811 3388 915 3432 libri
948 3402 1089 3431 manu
1126 3389 1285 3442 scripti
1320 3389 1484 3432 coelicis
1529 3387 1814 3431 bibliothecae
1853 3385 2065 3439 publicae

210 3441 482 3504 Trequrensis
517 3458 585 3487 nr.
616 3445 719 3495 927,
761 3445 892 3489 cuias
931 3445 1205 3488 collationem
1242 3445 1507 3499 beniynitati
1538 3445 1590 3488 V.
1623 3442 1686 3487 Ol.
1718 3442 1908 3495 Keuffer
1942 3441 2064 3483 illius

210 3498 332 3541 urbis
361 3498 686 3545 bibliothecarii
712 3502 927 3545 debemus.
